<?xml version="1.0" encoding="UTF-8"?>
<!DOCTYPE html PUBLIC "-//W3C//DTD XHTML 1.0 Transitional//EN"
    "http://www.w3.org/TR/xhtml1/DTD/xhtml1-transitional.dtd">
<html xmlns="http://www.w3.org/1999/xhtml" xml:lang="en" lang="en">
 <head>
  <title>
</title>
<meta http-equiv="Content-Type" content="text/html;charset=utf-8" />
  <meta name='ocr-system' content='tesseract 3.04.00' />
  <meta name='ocr-capabilities' content='ocr_page ocr_carea ocr_par ocr_line ocrx_word'/>
</head>
<body>
  <div class='ocr_page' id='page_1' title='image "./mtulliiciceroni36cicegoog_0054.png"; bbox 0 0 2768 4866; ppageno 0'>
   <div class='ocr_carea' id='block_1_1' title="bbox 267 258 1196 333">
    <p class='ocr_par' dir='ltr' id='par_1_1' title="bbox 267 258 1196 333">
     <span class='ocr_line' id='line_1_1' title="bbox 267 258 1196 333; baseline 0.001 -11"><span class='ocrx_word' id='word_1_1' title='bbox 267 259 318 328; x_wconf 80' lang='grc'><strong>34</strong></span> <span class='ocrx_word' id='word_1_2' title='bbox 415 262 451 322; x_wconf 83' lang='grc' dir='ltr'><strong>Μ.</strong></span> <span class='ocrx_word' id='word_1_3' title='bbox 472 261 503 321; x_wconf 82' lang='grc' dir='ltr'><strong>Τ,</strong></span> <span class='ocrx_word' id='word_1_4' title='bbox 525 258 708 322; x_wconf 83' lang='lat' dir='ltr'><strong>CICERONIS</strong></span> <span class='ocrx_word' id='word_1_5' title='bbox 728 258 881 323; x_wconf 72' lang='lat' dir='ltr'><strong>aaaron</strong></span> <span class='ocrx_word' id='word_1_6' title='bbox 902 259 953 321; x_wconf 78' lang='lat' dir='ltr'><strong>att</strong></span> <span class='ocrx_word' id='word_1_7' title='bbox 973 259 1004 333; x_wconf 75' lang='grc'><strong>0.</strong></span> <span class='ocrx_word' id='word_1_8' title='bbox 1024 259 1196 323; x_wconf 72' lang='lat' dir='ltr'><strong>tantam</strong></span> 
     </span>
    </p>
   </div>
   <div class='ocr_carea' id='block_1_2' title="bbox 103 436 1350 544">
    <p class='ocr_par' dir='ltr' id='par_1_2' title="bbox 103 436 1350 544">
     <span class='ocr_line' id='line_1_2' title="bbox 103 436 1350 544; baseline -0.053 -11"><span class='ocrx_word' id='word_1_9' title='bbox 103 526 109 544; x_wconf 82' lang='lat'>‚</span> <span class='ocrx_word' id='word_1_10' title='bbox 139 465 184 531; x_wconf 86' lang='lat'><strong>11.</strong></span> <span class='ocrx_word' id='word_1_11' title='bbox 207 461 244 528; x_wconf 89' lang='grc'><strong>4.</strong></span> <span class='ocrx_word' id='word_1_12' title='bbox 350 441 452 508; x_wconf 72' lang='lat' dir='ltr'><strong>Nunc</strong></span> <span class='ocrx_word' id='word_1_13' title='bbox 472 437 682 526; x_wconf 77' lang='lat' dir='ltr'><strong>respondebo</strong></span> <span class='ocrx_word' id='word_1_14' title='bbox 703 436 747 504; x_wconf 86' lang='lat' dir='ltr'><strong>ad</strong></span> <span class='ocrx_word' id='word_1_15' title='bbox 766 454 826 504; x_wconf 88' lang='lat' dir='ltr'><strong>eas</strong></span> <span class='ocrx_word' id='word_1_16' title='bbox 848 438 1032 529; x_wconf 83' lang='lat' dir='ltr'><strong>epistolas,</strong></span> <span class='ocrx_word' id='word_1_17' title='bbox 1053 457 1139 525; x_wconf 68' lang='lat' dir='ltr'><strong>quas</strong></span> <span class='ocrx_word' id='word_1_18' title='bbox 1153 438 1239 531; x_wconf 62' lang='lat' dir='ltr'><strong>mipp</strong></span> <span class='ocrx_word' id='word_1_19' title='bbox 1256 438 1350 519; x_wconf 45' lang='grc' dir='ltr'><strong>Μ.</strong></span> 
     </span>
    </p>
   </div>
   <div class='ocr_carea' id='block_1_3' title="bbox 216 544 1376 2668">
    <p class='ocr_par' dir='ltr' id='par_1_3' title="bbox 216 544 1376 2554">
     <span class='ocr_line' id='line_1_3' title="bbox 268 544 1358 639; baseline -0.003 -23"><span class='ocrx_word' id='word_1_20' title='bbox 268 549 352 616; x_wconf 85' lang='lat' dir='ltr'><strong>didit</strong></span> <span class='ocrx_word' id='word_1_21' title='bbox 373 548 415 615; x_wconf 81' lang='lat' dir='ltr'><strong>t.</strong></span> <span class='ocrx_word' id='word_1_22' title='bbox 435 545 578 615; x_wconf 77' lang='lat' dir='ltr'><strong>Caesius</strong></span> <span class='ocrx_word' id='word_1_23' title='bbox 598 581 640 594; x_wconf 87' lang='lat'>—</span> <span class='ocrx_word' id='word_1_24' title='bbox 660 545 735 634; x_wconf 88' lang='lat' dir='ltr'><strong>cui,</strong></span> <span class='ocrx_word' id='word_1_25' title='bbox 758 546 911 630; x_wconf 82' lang='lat' dir='ltr'><strong>quoniam</strong></span> <span class='ocrx_word' id='word_1_26' title='bbox 930 546 980 612; x_wconf 89' lang='lat' dir='ltr'><strong>ita</strong></span> <span class='ocrx_word' id='word_1_27' title='bbox 1000 544 1146 614; x_wconf 73' lang='lat' dir='ltr'><strong>lavalle</strong></span> <span class='ocrx_word' id='word_1_28' title='bbox 1162 546 1358 639; x_wconf 7' lang='lat' dir='ltr'><strong>intelligmb</strong></span> 
     </span>
     <span class='ocr_line' id='line_1_4' title="bbox 268 651 1348 738; baseline -0.003 -14"><span class='ocrx_word' id='word_1_29' title='bbox 268 655 359 724; x_wconf 86' lang='lat' dir='ltr'><strong>nullo</strong></span> <span class='ocrx_word' id='word_1_30' title='bbox 386 656 461 722; x_wconf 91' lang='lat' dir='ltr'><strong>loco</strong></span> <span class='ocrx_word' id='word_1_31' title='bbox 490 653 591 721; x_wconf 92' lang='lat' dir='ltr'><strong>deero</strong></span> <span class='ocrx_word' id='word_1_32' title='bbox 620 689 661 703; x_wconf 91' lang='lat'><em>-</em></span> <span class='ocrx_word' id='word_1_33' title='bbox 687 671 824 738; x_wconf 85' lang='lat' dir='ltr'><strong>quarum</strong></span> <span class='ocrx_word' id='word_1_34' title='bbox 853 651 963 717; x_wconf 87' lang='lat' dir='ltr'><strong>altera</strong></span> <span class='ocrx_word' id='word_1_35' title='bbox 990 656 1044 718; x_wconf 89' lang='lat' dir='ltr'><strong>est</strong></span> <span class='ocrx_word' id='word_1_36' title='bbox 1073 651 1116 718; x_wconf 91' lang='lat' dir='ltr'><strong>de</strong></span> <span class='ocrx_word' id='word_1_37' title='bbox 1142 652 1348 723; x_wconf 74' lang='lat' dir='ltr'><strong>Blandeuih&#39;</strong></span> 
     </span>
     <span class='ocr_line' id='line_1_5' title="bbox 266 758 1343 852; baseline -0.003 -21"><span class='ocrx_word' id='word_1_38' title='bbox 266 763 445 852; x_wconf 79' lang='lat' dir='ltr'><strong>Zeuxide,</strong></span> <span class='ocrx_word' id='word_1_39' title='bbox 475 781 574 848; x_wconf 88' lang='lat' dir='ltr'><strong>quem</strong></span> <span class='ocrx_word' id='word_1_40' title='bbox 601 759 724 825; x_wconf 88' lang='lat' dir='ltr'><strong>scribis</strong></span> <span class='ocrx_word' id='word_1_41' title='bbox 750 758 972 825; x_wconf 87' lang='lat' dir='ltr'><strong>certissimum</strong></span> <span class='ocrx_word' id='word_1_42' title='bbox 998 759 1210 826; x_wconf 77' lang='lat' dir='ltr'>matricidam</span> <span class='ocrx_word' id='word_1_43' title='bbox 1231 761 1343 828; x_wconf 83' lang='lat' dir='ltr'><strong>tibia</strong></span> 
     </span>
     <span class='ocr_line' id='line_1_6' title="bbox 267 865 1344 956; baseline -0.001 -18"><span class='ocrx_word' id='word_1_44' title='bbox 267 890 320 938; x_wconf 93' lang='lat' dir='ltr'><strong>me</strong></span> <span class='ocrx_word' id='word_1_45' title='bbox 340 871 457 937; x_wconf 91' lang='lat' dir='ltr'><strong>intime</strong></span> <span class='ocrx_word' id='word_1_46' title='bbox 478 867 714 935; x_wconf 88' lang='lat' dir='ltr'><strong>commendari.</strong></span> <span class='ocrx_word' id='word_1_47' title='bbox 768 867 842 950; x_wconf 82' lang='lat' dir='ltr'><strong>Qua</strong></span> <span class='ocrx_word' id='word_1_48' title='bbox 870 865 912 932; x_wconf 92' lang='lat' dir='ltr'><strong>de</strong></span> <span class='ocrx_word' id='word_1_49' title='bbox 933 885 973 932; x_wconf 90' lang='lat' dir='ltr'><strong>re</strong></span> <span class='ocrx_word' id='word_1_50' title='bbox 994 871 1030 933; x_wconf 90' lang='lat' dir='ltr'><strong>et</strong></span> <span class='ocrx_word' id='word_1_51' title='bbox 1051 865 1094 933; x_wconf 92' lang='lat' dir='ltr'><strong>de</strong></span> <span class='ocrx_word' id='word_1_52' title='bbox 1114 867 1180 933; x_wconf 90' lang='lat' dir='ltr'><strong>hoc</strong></span> <span class='ocrx_word' id='word_1_53' title='bbox 1202 886 1344 956; x_wconf 81' lang='lat' dir='ltr'><strong>genero</strong></span> 
     </span>
     <span class='ocr_line' id='line_1_7' title="bbox 266 971 1342 1067; baseline -0.003 -22"><span class='ocrx_word' id='word_1_54' title='bbox 266 982 358 1067; x_wconf 87' lang='lat' dir='ltr'><strong>toto,</strong></span> <span class='ocrx_word' id='word_1_55' title='bbox 389 995 434 1042; x_wconf 91' lang='lat' dir='ltr'><strong>ne</strong></span> <span class='ocrx_word' id='word_1_56' title='bbox 463 976 550 1042; x_wconf 87' lang='lat' dir='ltr'><strong>forte</strong></span> <span class='ocrx_word' id='word_1_57' title='bbox 576 993 629 1040; x_wconf 93' lang='lat' dir='ltr'><strong>me</strong></span> <span class='ocrx_word' id='word_1_58' title='bbox 656 975 693 1039; x_wconf 89' lang='lat' dir='ltr'><strong>in</strong></span> <span class='ocrx_word' id='word_1_59' title='bbox 714 971 865 1040; x_wconf 84' lang='lat' dir='ltr'><strong>Graecos</strong></span> <span class='ocrx_word' id='word_1_60' title='bbox 886 978 953 1040; x_wconf 84' lang='lat' dir='ltr'><strong>tam</strong></span> <span class='ocrx_word' id='word_1_61' title='bbox 973 974 1185 1040; x_wconf 88' lang='lat' dir='ltr'><strong>ambitiosum</strong></span> <span class='ocrx_word' id='word_1_62' title='bbox 1206 976 1342 1048; x_wconf 84' lang='lat' dir='ltr'><strong>iactum</strong></span> 
     </span>
     <span class='ocr_line' id='line_1_8' title="bbox 266 1079 1341 1168; baseline 0 -18"><span class='ocrx_word' id='word_1_63' title='bbox 266 1101 346 1150; x_wconf 90' lang='lat' dir='ltr'><strong>esse</strong></span> <span class='ocrx_word' id='word_1_64' title='bbox 368 1082 508 1165; x_wconf 79' lang='lat' dir='ltr'><strong>mirere,</strong></span> <span class='ocrx_word' id='word_1_65' title='bbox 539 1096 651 1166; x_wconf 87' lang='lat' dir='ltr'><strong>pauca</strong></span> <span class='ocrx_word' id='word_1_66' title='bbox 670 1096 851 1166; x_wconf 79' lang='lat' dir='ltr'><strong>cognosce.</strong></span> <span class='ocrx_word' id='word_1_67' title='bbox 906 1080 986 1168; x_wconf 79' lang='lat' dir='ltr'><strong>Ego</strong></span> <span class='ocrx_word' id='word_1_68' title='bbox 1007 1100 1107 1167; x_wconf 85' lang='lat' dir='ltr'><strong>qaum</strong></span> <span class='ocrx_word' id='word_1_69' title='bbox 1126 1079 1341 1150; x_wconf 85' lang='lat' dir='ltr'><strong>Graecorum</strong></span> 
     </span>
     <span class='ocr_line' id='line_1_9' title="bbox 266 1174 1355 1275; baseline 0.004 -22"><span class='ocrx_word' id='word_1_70' title='bbox 266 1186 425 1275; x_wconf 84' lang='lat' dir='ltr'><strong>querelas</strong></span> <span class='ocrx_word' id='word_1_71' title='bbox 452 1184 585 1249; x_wconf 92' lang='lat' dir='ltr'><strong>nimium</strong></span> <span class='ocrx_word' id='word_1_72' title='bbox 613 1183 730 1250; x_wconf 87' lang='lat' dir='ltr'><strong>valere</strong></span> <span class='ocrx_word' id='word_1_73' title='bbox 750 1188 910 1253; x_wconf 87' lang='lat' dir='ltr'><strong>sentirem</strong></span> <span class='ocrx_word' id='word_1_74' title='bbox 930 1192 1067 1274; x_wconf 90' lang='lat' dir='ltr'><strong>propter</strong></span> <span class='ocrx_word' id='word_1_75' title='bbox 1087 1188 1261 1255; x_wconf 76' lang='lat' dir='ltr'><strong>homirnum</strong></span> <span class='ocrx_word' id='word_1_76' title='bbox 1282 1174 1355 1256; x_wconf 43' lang='lat' dir='ltr'><strong>indn</strong></span> 
     </span>
     <span class='ocr_line' id='line_1_10' title="bbox 265 1290 1338 1381; baseline 0.001 -22"><span class='ocrx_word' id='word_1_77' title='bbox 265 1294 370 1381; x_wconf 83' lang='lat' dir='ltr'><strong>genia</strong></span> <span class='ocrx_word' id='word_1_78' title='bbox 391 1291 433 1358; x_wconf 90' lang='lat' dir='ltr'><strong>ad</strong></span> <span class='ocrx_word' id='word_1_79' title='bbox 446 1290 628 1358; x_wconf 81' lang='lat' dir='ltr'><strong>fallendum</strong></span> <span class='ocrx_word' id='word_1_80' title='bbox 648 1295 789 1378; x_wconf 84' lang='lat' dir='ltr'><strong>parata:</strong></span> <span class='ocrx_word' id='word_1_81' title='bbox 811 1311 1028 1379; x_wconf 86' lang='lat' dir='ltr'><strong>quoscunque</strong></span> <span class='ocrx_word' id='word_1_82' title='bbox 1047 1291 1090 1358; x_wconf 92' lang='lat' dir='ltr'><strong>de</strong></span> <span class='ocrx_word' id='word_1_83' title='bbox 1102 1297 1138 1379; x_wconf 89' lang='lat' dir='ltr'><strong>te</strong></span> <span class='ocrx_word' id='word_1_84' title='bbox 1155 1295 1257 1379; x_wconf 87' lang='lat' dir='ltr'><strong>queri</strong></span> <span class='ocrx_word' id='word_1_85' title='bbox 1273 1313 1338 1360; x_wconf 86' lang='lat' dir='ltr'><strong>au·</strong></span> 
     </span>
     <span class='ocr_line' id='line_1_11' title="bbox 266 1398 1337 1486; baseline 0.003 -20"><span class='ocrx_word' id='word_1_86' title='bbox 266 1400 358 1485; x_wconf 90' lang='lat' dir='ltr'><strong>divi,</strong></span> <span class='ocrx_word' id='word_1_87' title='bbox 391 1417 588 1485; x_wconf 88' lang='lat' dir='ltr'><strong>quacunque</strong></span> <span class='ocrx_word' id='word_1_88' title='bbox 608 1399 701 1485; x_wconf 89' lang='lat' dir='ltr'><strong>potui</strong></span> <span class='ocrx_word' id='word_1_89' title='bbox 721 1398 855 1467; x_wconf 88' lang='lat' dir='ltr'><strong>ratione</strong></span> <span class='ocrx_word' id='word_1_90' title='bbox 877 1398 1020 1486; x_wconf 82' lang='lat' dir='ltr'><strong>placavi.</strong></span> <span class='ocrx_word' id='word_1_91' title='bbox 1076 1399 1226 1478; x_wconf 76' lang='lat' dir='ltr'><strong>Primum</strong></span> <span class='ocrx_word' id='word_1_92' title='bbox 1247 1402 1337 1469; x_wconf 86' lang='lat' dir='ltr'><strong>Dio-</strong></span> 
     </span>
     <span class='ocr_line' id='line_1_12' title="bbox 266 1500 1337 1596; baseline 0.003 -23"><span class='ocrx_word' id='word_1_93' title='bbox 266 1500 502 1596; x_wconf 86' lang='lat' dir='ltr'><strong>nysopolitas,</strong></span> <span class='ocrx_word' id='word_1_94' title='bbox 537 1508 593 1592; x_wconf 89' lang='lat' dir='ltr'><strong>qui</strong></span> <span class='ocrx_word' id='word_1_95' title='bbox 625 1511 724 1573; x_wconf 86' lang='lat' dir='ltr'><strong>erant</strong></span> <span class='ocrx_word' id='word_1_96' title='bbox 753 1505 994 1593; x_wconf 78' lang='lat' dir='ltr'><strong>inimicissimi,</strong></span> <span class='ocrx_word' id='word_1_97' title='bbox 1027 1505 1157 1573; x_wconf 79' lang='lat' dir='ltr'><strong>lenivi:</strong></span> <span class='ocrx_word' id='word_1_98' title='bbox 1193 1525 1337 1594; x_wconf 81' lang='lat' dir='ltr'><strong>quorum</strong></span> 
     </span>
     <span class='ocr_line' id='line_1_13' title="bbox 265 1612 1336 1705; baseline 0.004 -27"><span class='ocrx_word' id='word_1_99' title='bbox 265 1614 450 1700; x_wconf 89' lang='lat' dir='ltr'><strong>principem</strong></span> <span class='ocrx_word' id='word_1_100' title='bbox 470 1614 688 1701; x_wconf 85' lang='lat' dir='ltr'><strong>Hermippum</strong></span> <span class='ocrx_word' id='word_1_101' title='bbox 719 1633 787 1680; x_wconf 90' lang='lat' dir='ltr'><strong>nou</strong></span> <span class='ocrx_word' id='word_1_102' title='bbox 816 1612 925 1678; x_wconf 90' lang='lat' dir='ltr'><strong>solum</strong></span> <span class='ocrx_word' id='word_1_103' title='bbox 957 1630 1113 1679; x_wconf 87' lang='lat' dir='ltr'><strong>sermone</strong></span> <span class='ocrx_word' id='word_1_104' title='bbox 1140 1631 1241 1704; x_wconf 90' lang='lat' dir='ltr'><strong>meo,</strong></span> <span class='ocrx_word' id='word_1_105' title='bbox 1274 1615 1336 1705; x_wconf 85' lang='lat' dir='ltr'><strong>sed</strong></span> 
     </span>
     <span class='ocr_line' id='line_1_14' title="bbox 263 1718 1339 1808; baseline 0.006 -24"><span class='ocrx_word' id='word_1_106' title='bbox 263 1719 367 1785; x_wconf 88' lang='lat' dir='ltr'><strong>etiam</strong></span> <span class='ocrx_word' id='word_1_107' title='bbox 387 1718 617 1786; x_wconf 77' lang='lat' dir='ltr'><strong>familiaritate</strong></span> <span class='ocrx_word' id='word_1_108' title='bbox 637 1718 784 1784; x_wconf 87' lang='lat' dir='ltr'><strong>devinxi.</strong></span> <span class='ocrx_word' id='word_1_109' title='bbox 826 1719 907 1806; x_wconf 80' lang='lat' dir='ltr'><strong>Ego</strong></span> <span class='ocrx_word' id='word_1_110' title='bbox 923 1720 1151 1805; x_wconf 83' lang='lat' dir='ltr'><strong>Apamensem</strong></span> <span class='ocrx_word' id='word_1_111' title='bbox 1165 1719 1339 1808; x_wconf 77' lang='lat' dir='ltr'><strong>Hephae·</strong></span> 
     </span>
     <span class='ocr_line' id='line_1_15' title="bbox 264 1822 1336 1914; baseline 0.006 -24"><span class='ocrx_word' id='word_1_112' title='bbox 264 1827 372 1912; x_wconf 90' lang='lat' dir='ltr'><strong>stum,</strong></span> <span class='ocrx_word' id='word_1_113' title='bbox 404 1840 472 1912; x_wconf 80' lang='lat' dir='ltr'><strong>ego</strong></span> <span class='ocrx_word' id='word_1_114' title='bbox 502 1822 710 1890; x_wconf 87' lang='lat' dir='ltr'><strong>levissimum</strong></span> <span class='ocrx_word' id='word_1_115' title='bbox 732 1823 918 1914; x_wconf 89' lang='lat' dir='ltr'><strong>hominem,</strong></span> <span class='ocrx_word' id='word_1_116' title='bbox 948 1826 1172 1914; x_wconf 81' lang='lat' dir='ltr'><strong>Megaristum</strong></span> <span class='ocrx_word' id='word_1_117' title='bbox 1195 1832 1336 1896; x_wconf 63' lang='lat' dir='ltr'><strong>Anteae</strong></span> 
     </span>
     <span class='ocr_line' id='line_1_16' title="bbox 263 1928 1333 2022; baseline 0.006 -26"><span class='ocrx_word' id='word_1_118' title='bbox 263 1928 390 2018; x_wconf 77' lang='lat' dir='ltr'><strong>derum,</strong></span> <span class='ocrx_word' id='word_1_119' title='bbox 419 1947 487 2018; x_wconf 81' lang='lat' dir='ltr'><strong>ego</strong></span> <span class='ocrx_word' id='word_1_120' title='bbox 509 1929 643 1996; x_wconf 82' lang='lat' dir='ltr'><strong>Niciam</strong></span> <span class='ocrx_word' id='word_1_121' title='bbox 665 1929 907 2017; x_wconf 80' lang='lat' dir='ltr'><strong>Smyrnaeum,</strong></span> <span class='ocrx_word' id='word_1_122' title='bbox 936 1949 1004 2022; x_wconf 84' lang='lat' dir='ltr'><strong>ego</strong></span> <span class='ocrx_word' id='word_1_123' title='bbox 1030 1952 1145 2020; x_wconf 79' lang='lat' dir='ltr'><strong>nugas</strong></span> <span class='ocrx_word' id='word_1_124' title='bbox 1165 1935 1333 2002; x_wconf 84' lang='lat' dir='ltr'><strong>maximas</strong></span> 
     </span>
     <span class='ocr_line' id='line_1_17' title="bbox 264 2038 1332 2127; baseline 0.009 -26"><span class='ocrx_word' id='word_1_125' title='bbox 264 2038 353 2102; x_wconf 89' lang='lat' dir='ltr'><strong>omni</strong></span> <span class='ocrx_word' id='word_1_126' title='bbox 367 2055 443 2102; x_wconf 89' lang='lat' dir='ltr'><strong>mea</strong></span> <span class='ocrx_word' id='word_1_127' title='bbox 459 2038 617 2103; x_wconf 89' lang='lat' dir='ltr'><strong>comitate</strong></span> <span class='ocrx_word' id='word_1_128' title='bbox 635 2038 831 2124; x_wconf 85' lang='lat' dir='ltr'><strong>complexus</strong></span> <span class='ocrx_word' id='word_1_129' title='bbox 847 2056 936 2127; x_wconf 88' lang='lat' dir='ltr'><strong>sum,</strong></span> <span class='ocrx_word' id='word_1_130' title='bbox 957 2038 1211 2127; x_wconf 88' lang='lat' dir='ltr'><strong>Nymphontem</strong></span> <span class='ocrx_word' id='word_1_131' title='bbox 1230 2044 1332 2111; x_wconf 83' lang='lat' dir='ltr'><strong>etiam</strong></span> 
     </span>
     <span class='ocr_line' id='line_1_18' title="bbox 264 2142 1332 2234; baseline 0.007 -24"><span class='ocrx_word' id='word_1_132' title='bbox 264 2142 519 2229; x_wconf 80' lang='lat' dir='ltr'><strong>Colophonium.</strong></span> <span class='ocrx_word' id='word_1_133' title='bbox 572 2144 667 2227; x_wconf 76' lang='lat' dir='ltr'><strong>Quae</strong></span> <span class='ocrx_word' id='word_1_134' title='bbox 694 2144 762 2212; x_wconf 84' lang='lat' dir='ltr'><strong>ieci</strong></span> <span class='ocrx_word' id='word_1_135' title='bbox 790 2145 917 2234; x_wconf 84' lang='lat' dir='ltr'><strong>omnia,</strong></span> <span class='ocrx_word' id='word_1_136' title='bbox 946 2165 1015 2211; x_wconf 91' lang='lat' dir='ltr'><strong>non</strong></span> <span class='ocrx_word' id='word_1_137' title='bbox 1044 2166 1108 2233; x_wconf 88' lang='lat' dir='ltr'><strong>quo</strong></span> <span class='ocrx_word' id='word_1_138' title='bbox 1136 2167 1192 2213; x_wconf 88' lang='lat' dir='ltr'><strong>me</strong></span> <span class='ocrx_word' id='word_1_139' title='bbox 1223 2155 1285 2217; x_wconf 89' lang='lat' dir='ltr'><strong>ant</strong></span> <span class='ocrx_word' id='word_1_140' title='bbox 1309 2151 1332 2217; x_wconf 92' lang='lat' dir='ltr'><strong>ii</strong></span> 
     </span>
     <span class='ocr_line' id='line_1_19' title="bbox 265 2248 1376 2347; baseline 0.009 -33"><span class='ocrx_word' id='word_1_141' title='bbox 265 2248 417 2316; x_wconf 86' lang='lat' dir='ltr'><strong>homines</strong></span> <span class='ocrx_word' id='word_1_142' title='bbox 439 2248 497 2315; x_wconf 85' lang='lat' dir='ltr'><strong>aut</strong></span> <span class='ocrx_word' id='word_1_143' title='bbox 518 2254 591 2316; x_wconf 87' lang='lat' dir='ltr'><strong>tota</strong></span> <span class='ocrx_word' id='word_1_144' title='bbox 611 2253 704 2319; x_wconf 88' lang='lat' dir='ltr'><strong>natio</strong></span> <span class='ocrx_word' id='word_1_145' title='bbox 729 2251 933 2318; x_wconf 90' lang='lat' dir='ltr'><strong>delectaret:</strong></span> <span class='ocrx_word' id='word_1_146' title='bbox 955 2258 1146 2339; x_wconf 88' lang='lat' dir='ltr'><strong>pertaesum</strong></span> <span class='ocrx_word' id='word_1_147' title='bbox 1164 2262 1223 2323; x_wconf 92' lang='lat' dir='ltr'><strong>est</strong></span> <span class='ocrx_word' id='word_1_148' title='bbox 1240 2257 1329 2324; x_wconf 88' lang='lat' dir='ltr'><strong>levi·</strong></span> <span class='ocrx_word' id='word_1_149' title='bbox 1371 2302 1376 2347; x_wconf 67' lang='lat'><em>3</em></span> 
     </span>
     <span class='ocr_line' id='line_1_20' title="bbox 265 2359 1376 2448; baseline 0.007 -26"><span class='ocrx_word' id='word_1_150' title='bbox 265 2359 366 2445; x_wconf 86' lang='lat' dir='ltr'><strong>tatis,</strong></span> <span class='ocrx_word' id='word_1_151' title='bbox 395 2359 657 2448; x_wconf 69' lang='lat' dir='ltr'><strong>rossemannum,</strong></span> <span class='ocrx_word' id='word_1_152' title='bbox 687 2360 869 2426; x_wconf 89' lang='lat' dir='ltr'><strong>animorum</strong></span> <span class='ocrx_word' id='word_1_153' title='bbox 890 2378 957 2424; x_wconf 91' lang='lat' dir='ltr'><strong>non</strong></span> <span class='ocrx_word' id='word_1_154' title='bbox 981 2360 1119 2447; x_wconf 85' lang='lat' dir='ltr'><strong>officiis,</strong></span> <span class='ocrx_word' id='word_1_155' title='bbox 1149 2363 1215 2429; x_wconf 85' lang='lat' dir='ltr'><strong>sed</strong></span> <span class='ocrx_word' id='word_1_156' title='bbox 1244 2371 1329 2433; x_wconf 86' lang='lat' dir='ltr'><strong>tem·</strong></span> <span class='ocrx_word' id='word_1_157' title='bbox 1375 2394 1376 2401; x_wconf 43' lang='lat'>¹</span> 
     </span>
     <span class='ocr_line' id='line_1_21' title="bbox 216 2464 1328 2554; baseline 0.001 -18"><span class='ocrx_word' id='word_1_158' title='bbox 216 2518 224 2536; x_wconf 94' lang='lat'><strong><em>.</em></strong></span> <span class='ocrx_word' id='word_1_159' title='bbox 268 2464 404 2551; x_wconf 88' lang='lat' dir='ltr'><strong>poribus</strong></span> <span class='ocrx_word' id='word_1_160' title='bbox 432 2467 663 2532; x_wconf 89' lang='lat' dir='ltr'><strong>servientium.</strong></span> <span class='ocrx_word' id='word_1_161' title='bbox 719 2466 810 2554; x_wconf 82' lang='lat' dir='ltr'><strong>Sed,</strong></span> <span class='ocrx_word' id='word_1_162' title='bbox 845 2472 882 2533; x_wconf 89' lang='lat' dir='ltr'><strong>ut</strong></span> <span class='ocrx_word' id='word_1_163' title='bbox 910 2467 953 2533; x_wconf 91' lang='lat' dir='ltr'><strong>ad</strong></span> <span class='ocrx_word' id='word_1_164' title='bbox 981 2467 1124 2533; x_wconf 88' lang='lat' dir='ltr'><strong>Zeuxim</strong></span> <span class='ocrx_word' id='word_1_165' title='bbox 1154 2476 1328 2537; x_wconf 85' lang='lat' dir='ltr'><strong>revertar:</strong></span> 
     </span>
    </p>

    <p class='ocr_par' dir='ltr' id='par_1_4' title="bbox 266 2571 1329 2668">
     <span class='ocr_line' id='line_1_22' title="bbox 266 2571 1329 2668; baseline 0.008 -30"><span class='ocrx_word' id='word_1_166' title='bbox 266 2593 365 2662; x_wconf 89' lang='lat' dir='ltr'><strong>quum</strong></span> <span class='ocrx_word' id='word_1_167' title='bbox 385 2575 418 2642; x_wconf 89' lang='lat' dir='ltr'><strong>is</strong></span> <span class='ocrx_word' id='word_1_168' title='bbox 438 2573 480 2640; x_wconf 92' lang='lat' dir='ltr'><strong>de</strong></span> <span class='ocrx_word' id='word_1_169' title='bbox 501 2572 548 2638; x_wconf 89' lang='lat' dir='ltr'><strong>M.</strong></span> <span class='ocrx_word' id='word_1_170' title='bbox 572 2571 733 2640; x_wconf 78' lang='lat' dir='ltr'><strong>Cascellii</strong></span> <span class='ocrx_word' id='word_1_171' title='bbox 753 2591 908 2640; x_wconf 86' lang='lat' dir='ltr'><strong>sermone</strong></span> <span class='ocrx_word' id='word_1_172' title='bbox 935 2591 1049 2641; x_wconf 88' lang='lat' dir='ltr'><strong>secum</strong></span> <span class='ocrx_word' id='word_1_173' title='bbox 1077 2576 1217 2668; x_wconf 90' lang='lat' dir='ltr'><strong>habito,</strong></span> <span class='ocrx_word' id='word_1_174' title='bbox 1247 2598 1329 2668; x_wconf 85' lang='lat' dir='ltr'><strong>quoe</strong></span> 
     </span>
    </p>
   </div>
   <div class='ocr_carea' id='block_1_4' title="bbox 186 2755 1376 4084">
    <p class='ocr_par' dir='ltr' id='par_1_5' title="bbox 266 2755 1376 3362">
     <span class='ocr_line' id='line_1_23' title="bbox 331 2755 1373 2875; baseline 0.011 -69"><span class='ocrx_word' id='word_1_175' title='bbox 331 2757 368 2812; x_wconf 91' lang='lat' dir='ltr'><strong>Il.</strong></span> <span class='ocrx_word' id='word_1_176' title='bbox 390 2764 418 2826; x_wconf 67' lang='grc' dir='ltr'><strong>ς.</strong></span> <span class='ocrx_word' id='word_1_177' title='bbox 435 2757 461 2824; x_wconf 71' lang='lat' dir='ltr'><strong>i.</strong></span> <span class='ocrx_word' id='word_1_178' title='bbox 494 2757 527 2811; x_wconf 91' lang='lat' dir='ltr'><strong>L.</strong></span> <span class='ocrx_word' id='word_1_179' title='bbox 546 2757 652 2808; x_wconf 83' lang='lat' dir='ltr'><strong>Caesius</strong></span> <span class='ocrx_word' id='word_1_180' title='bbox 676 2755 711 2808; x_wconf 89' lang='lat' dir='ltr'><strong>de</strong></span> <span class='ocrx_word' id='word_1_181' title='bbox 732 2756 848 2810; x_wconf 84' lang='lat' dir='ltr'><strong>cohorte</strong></span> <span class='ocrx_word' id='word_1_182' title='bbox 867 2756 900 2875; x_wconf 56' lang='lat' dir='ltr'><strong>P.</strong></span> <span class='ocrx_word' id='word_1_183' title='bbox 920 2755 1061 2811; x_wconf 85' lang='lat' dir='ltr'><strong>Ciceronis</strong></span> <span class='ocrx_word' id='word_1_184' title='bbox 1083 2760 1234 2828; x_wconf 82' lang='lat' dir='ltr'><strong>praetoria.</strong></span> <span class='ocrx_word' id='word_1_185' title='bbox 1269 2761 1348 2834; x_wconf 54' lang='lat' dir='ltr'><strong>trud,</strong></span> <span class='ocrx_word' id='word_1_186' title='bbox 1369 2792 1373 2801; x_wconf 94' lang='lat'>·</span> 
     </span>
     <span class='ocr_line' id='line_1_24' title="bbox 266 2820 1327 2896; baseline 0.002 -21"><span class='ocrx_word' id='word_1_187' title='bbox 266 2839 341 2893; x_wconf 74' lang='lat' dir='ltr'><strong>epar.</strong></span> <span class='ocrx_word' id='word_1_188' title='bbox 362 2827 491 2891; x_wconf 58' lang='grc' dir='ltr'><strong>Μ...</strong></span> <span class='ocrx_word' id='word_1_189' title='bbox 525 2823 684 2885; x_wconf 84' lang='lat' dir='ltr'><strong>Blaudenio,</strong></span> <span class='ocrx_word' id='word_1_190' title='bbox 703 2839 735 2875; x_wconf 86' lang='lat' dir='ltr'><strong>ex</strong></span> <span class='ocrx_word' id='word_1_191' title='bbox 755 2822 827 2876; x_wconf 86' lang='lat' dir='ltr'><strong>urbe</strong></span> <span class='ocrx_word' id='word_1_192' title='bbox 847 2820 955 2875; x_wconf 86' lang='lat' dir='ltr'><strong>Baudo</strong></span> <span class='ocrx_word' id='word_1_193' title='bbox 971 2824 999 2877; x_wconf 88' lang='lat' dir='ltr'><strong>in</strong></span> <span class='ocrx_word' id='word_1_194' title='bbox 1018 2823 1143 2896; x_wconf 83' lang='lat' dir='ltr'><strong>Phrygia.</strong></span> <span class='ocrx_word' id='word_1_195' title='bbox 1160 2859 1192 2870; x_wconf 92' lang='lat'>-</span> <span class='ocrx_word' id='word_1_196' title='bbox 1230 2833 1327 2886; x_wconf 60' lang='lat' dir='ltr'><strong>onais,</strong></span> 
     </span>
     <span class='ocr_line' id='line_1_25' title="bbox 266 2885 1328 2960; baseline 0.01 -19"><span class='ocrx_word' id='word_1_197' title='bbox 266 2890 399 2942; x_wconf 76' lang='lat' dir='ltr'><strong>matriculi.</strong></span> <span class='ocrx_word' id='word_1_198' title='bbox 415 2889 505 2943; x_wconf 86' lang='lat' dir='ltr'><strong>concie</strong></span> <span class='ocrx_word' id='word_1_199' title='bbox 538 2887 723 2960; x_wconf 82' lang='lat' dir='ltr'><strong>dictampno:</strong></span> <span class='ocrx_word' id='word_1_200' title='bbox 739 2888 803 2943; x_wconf 86' lang='lat' dir='ltr'><strong>lieet</strong></span> <span class='ocrx_word' id='word_1_201' title='bbox 819 2889 997 2942; x_wconf 85' lang='lat' dir='ltr'><strong>certissimum</strong></span> <span class='ocrx_word' id='word_1_202' title='bbox 1014 2885 1062 2955; x_wconf 86' lang='lat' dir='ltr'><strong>sit,</strong></span> <span class='ocrx_word' id='word_1_203' title='bbox 1079 2907 1141 2942; x_wconf 88' lang='lat' dir='ltr'><strong>eum</strong></span> <span class='ocrx_word' id='word_1_204' title='bbox 1159 2908 1223 2946; x_wconf 85' lang='lat' dir='ltr'><strong>esse</strong></span> <span class='ocrx_word' id='word_1_205' title='bbox 1242 2895 1328 2952; x_wconf 81' lang='lat' dir='ltr'><strong>matri</strong></span> 
     </span>
     <span class='ocr_line' id='line_1_26' title="bbox 267 2905 1328 3020; baseline 0.009 -14"><span class='ocrx_word' id='word_1_206' title='bbox 267 2953 364 3006; x_wconf 86' lang='lat' dir='ltr'><strong>eldam.</strong></span> <span class='ocrx_word' id='word_1_207' title='bbox 377 2985 411 2996; x_wconf 87' lang='lat'><em>-</em></span> <span class='ocrx_word' id='word_1_208' title='bbox 445 2905 647 3020; x_wconf 61' lang='lat' dir='ltr'><strong>diligagamus</strong></span> <span class='ocrx_word' id='word_1_209' title='bbox 662 2966 730 3018; x_wconf 88' lang='lat' dir='ltr'><strong>toto,</strong></span> <span class='ocrx_word' id='word_1_210' title='bbox 746 2965 861 3008; x_wconf 87' lang='lat' dir='ltr'><strong>curtam</strong></span> <span class='ocrx_word' id='word_1_211' title='bbox 880 2955 1113 3010; x_wconf 82' lang='lat' dir='ltr'><strong>multosGraecoo</strong></span> <span class='ocrx_word' id='word_1_212' title='bbox 1126 2955 1175 3010; x_wconf 88' lang='lat' dir='ltr'><strong>tibi</strong></span> <span class='ocrx_word' id='word_1_213' title='bbox 1192 2978 1328 3016; x_wconf 84' lang='lat' dir='ltr'><strong>commen·</strong></span> 
     </span>
     <span class='ocr_line' id='line_1_27' title="bbox 268 3017 1328 3101; baseline 0.01 -31"><span class='ocrx_word' id='word_1_214' title='bbox 268 3017 398 3072; x_wconf 75' lang='lat' dir='ltr'><strong>(laverim.</strong></span> <span class='ocrx_word' id='word_1_215' title='bbox 412 3053 444 3062; x_wconf 97' lang='lat'>-</span> <span class='ocrx_word' id='word_1_216' title='bbox 478 3031 535 3070; x_wconf 89' lang='lat' dir='ltr'><strong>tom</strong></span> <span class='ocrx_word' id='word_1_217' title='bbox 551 3020 833 3087; x_wconf 80' lang='lat' dir='ltr'><strong>aneiitehsnmfaetam</strong></span> <span class='ocrx_word' id='word_1_218' title='bbox 847 3031 1040 3092; x_wconf 85' lang='lat' dir='ltr'><strong>:tantopere</strong></span> <span class='ocrx_word' id='word_1_219' title='bbox 1057 3023 1163 3076; x_wconf 84' lang='lat' dir='ltr'><strong>ambire</strong></span> <span class='ocrx_word' id='word_1_220' title='bbox 1179 3042 1200 3078; x_wconf 90' lang='lat' dir='ltr'><strong>s.</strong></span> <span class='ocrx_word' id='word_1_221' title='bbox 1217 3039 1328 3101; x_wconf 84' lang='lat' dir='ltr'><strong>captare</strong></span> 
     </span>
     <span class='ocr_line' id='line_1_28' title="bbox 267 3085 1328 3156; baseline 0.008 -16"><span class='ocrx_word' id='word_1_222' title='bbox 267 3086 384 3156; x_wconf 72' lang='lat' dir='ltr'><strong>gratiam</strong></span> <span class='ocrx_word' id='word_1_223' title='bbox 405 3085 543 3138; x_wconf 88' lang='lat' dir='ltr'><strong>hominum</strong></span> <span class='ocrx_word' id='word_1_224' title='bbox 559 3085 731 3138; x_wconf 84' lang='lat' dir='ltr'><strong>Graecorum</strong></span> <span class='ocrx_word' id='word_1_225' title='bbox 748 3086 775 3137; x_wconf 92' lang='lat' dir='ltr'><strong>in</strong></span> <span class='ocrx_word' id='word_1_226' title='bbox 791 3096 841 3139; x_wconf 89' lang='lat' dir='ltr'><strong>tuo</strong></span> <span class='ocrx_word' id='word_1_227' title='bbox 858 3087 980 3156; x_wconf 80' lang='lat' dir='ltr'><strong>imperio.</strong></span> <span class='ocrx_word' id='word_1_228' title='bbox 998 3121 1031 3132; x_wconf 93' lang='lat'><em>-</em></span> <span class='ocrx_word' id='word_1_229' title='bbox 1063 3091 1171 3141; x_wconf 79' lang='lat' dir='ltr'><strong>neheehm</strong></span> <span class='ocrx_word' id='word_1_230' title='bbox 1189 3095 1283 3148; x_wconf 83' lang='lat' dir='ltr'><strong>ualere</strong></span> <span class='ocrx_word' id='word_1_231' title='bbox 1296 3111 1328 3149; x_wconf 80' lang='lat' dir='ltr'><strong>aa</strong></span> 
     </span>
     <span class='ocr_line' id='line_1_29' title="bbox 268 3150 1329 3233; baseline 0.006 -26"><span class='ocrx_word' id='word_1_232' title='bbox 268 3156 424 3207; x_wconf 70' lang='lat' dir='ltr'><strong>Romaa-</strong></span> <span class='ocrx_word' id='word_1_233' title='bbox 440 3150 551 3219; x_wconf 85' lang='lat' dir='ltr'><strong>adfall.</strong></span> <span class='ocrx_word' id='word_1_234' title='bbox 565 3163 667 3218; x_wconf 82' lang='lat' dir='ltr'><strong>parata</strong></span> <span class='ocrx_word' id='word_1_235' title='bbox 678 3151 725 3206; x_wconf 81' lang='lat' dir='ltr'><strong>ie.</strong></span> <span class='ocrx_word' id='word_1_236' title='bbox 737 3161 835 3216; x_wconf 87' lang='lat' dir='ltr'><strong>astuta,</strong></span> <span class='ocrx_word' id='word_1_237' title='bbox 852 3152 989 3225; x_wconf 84' lang='lat' dir='ltr'><strong>ingeniosa</strong></span> <span class='ocrx_word' id='word_1_238' title='bbox 1003 3151 1036 3206; x_wconf 87' lang='lat' dir='ltr'><strong>ad</strong></span> <span class='ocrx_word' id='word_1_239' title='bbox 1052 3155 1209 3227; x_wconf 82' lang='lat' dir='ltr'><strong>fingendum</strong></span> <span class='ocrx_word' id='word_1_240' title='bbox 1227 3172 1257 3215; x_wconf 85' lang='lat' dir='ltr'><strong>et</strong></span> <span class='ocrx_word' id='word_1_241' title='bbox 1272 3177 1329 3233; x_wconf 83' lang='lat' dir='ltr'><strong>per·</strong></span> 
     </span>
     <span class='ocr_line' id='line_1_30' title="bbox 269 3215 1330 3290; baseline 0.007 -19"><span class='ocrx_word' id='word_1_242' title='bbox 269 3217 439 3272; x_wconf 83' lang='lat' dir='ltr'><strong>suadendum</strong></span> <span class='ocrx_word' id='word_1_243' title='bbox 458 3218 505 3284; x_wconf 83' lang='lat' dir='ltr'><strong>iis,</strong></span> <span class='ocrx_word' id='word_1_244' title='bbox 521 3215 596 3287; x_wconf 88' lang='lat' dir='ltr'><strong>apud</strong></span> <span class='ocrx_word' id='word_1_245' title='bbox 616 3233 687 3288; x_wconf 85' lang='lat' dir='ltr'><strong>quos</strong></span> <span class='ocrx_word' id='word_1_246' title='bbox 707 3228 873 3288; x_wconf 86' lang='lat' dir='ltr'><strong>queruntur.</strong></span> <span class='ocrx_word' id='word_1_247' title='bbox 889 3247 921 3260; x_wconf 90' lang='lat'><em>-</em></span> <span class='ocrx_word' id='word_1_248' title='bbox 955 3221 1184 3290; x_wconf 77' lang='lat' dir='ltr'><strong>Dionysopolitas,</strong></span> <span class='ocrx_word' id='word_1_249' title='bbox 1204 3240 1242 3277; x_wconf 86' lang='lat' dir='ltr'><strong>ex</strong></span> <span class='ocrx_word' id='word_1_250' title='bbox 1263 3226 1330 3282; x_wconf 81' lang='lat' dir='ltr'><strong>urhe</strong></span> 
     </span>
     <span class='ocr_line' id='line_1_31' title="bbox 267 3283 1376 3362; baseline 0.007 -21"><span class='ocrx_word' id='word_1_251' title='bbox 267 3286 340 3341; x_wconf 89' lang='lat' dir='ltr'><strong>Dion</strong></span> <span class='ocrx_word' id='word_1_252' title='bbox 360 3283 449 3356; x_wconf 86' lang='lat' dir='ltr'><strong>sopoli</strong></span> <span class='ocrx_word' id='word_1_253' title='bbox 473 3284 499 3337; x_wconf 90' lang='lat' dir='ltr'><strong>in</strong></span> <span class='ocrx_word' id='word_1_254' title='bbox 521 3299 618 3353; x_wconf 83' lang='lat' dir='ltr'><strong>magna</strong></span> <span class='ocrx_word' id='word_1_255' title='bbox 634 3284 768 3356; x_wconf 84' lang='lat' dir='ltr'><strong>Phrygia,</strong></span> <span class='ocrx_word' id='word_1_256' title='bbox 794 3301 866 3354; x_wconf 87' lang='lat' dir='ltr'><strong>quac</strong></span> <span class='ocrx_word' id='word_1_257' title='bbox 883 3302 981 3338; x_wconf 87' lang='lat' dir='ltr'><strong>nornen</strong></span> <span class='ocrx_word' id='word_1_258' title='bbox 998 3288 1109 3339; x_wconf 85' lang='lat' dir='ltr'><strong>tenebat</strong></span> <span class='ocrx_word' id='word_1_259' title='bbox 1130 3303 1144 3339; x_wconf 91' lang='lat' dir='ltr'><strong>a</strong></span> <span class='ocrx_word' id='word_1_260' title='bbox 1163 3289 1291 3362; x_wconf 83' lang='lat' dir='ltr'><strong>Dionyso</strong></span> <span class='ocrx_word' id='word_1_261' title='bbox 1309 3309 1328 3347; x_wconf 80' lang='lat' dir='ltr'><strong>t.</strong></span> <span class='ocrx_word' id='word_1_262' title='bbox 1374 3334 1376 3339; x_wconf 88' lang='lat'>-</span> 
     </span>
    </p>

    <p class='ocr_par' dir='ltr' id='par_1_6' title="bbox 186 3303 1376 4084">
     <span class='ocr_line' id='line_1_32' title="bbox 186 3303 1376 3432; baseline 0.002 -25"><span class='ocrx_word' id='word_1_263' title='bbox 186 3412 189 3417; x_wconf 47' lang='grc'><strong><em>,</em></strong></span> <span class='ocrx_word' id='word_1_264' title='bbox 268 3303 390 3407; x_wconf 43' lang='lat' dir='ltr'><strong>Baccho.</strong></span> <span class='ocrx_word' id='word_1_265' title='bbox 420 3351 502 3422; x_wconf 85' lang='lat' dir='ltr'><strong>Vulg.</strong></span> <span class='ocrx_word' id='word_1_266' title='bbox 519 3349 625 3404; x_wconf 86' lang='lat' dir='ltr'><strong>editur:</strong></span> <span class='ocrx_word' id='word_1_267' title='bbox 643 3352 862 3429; x_wconf 58' lang='lat' dir='ltr'><strong>Dionysopolitas.</strong></span> <span class='ocrx_word' id='word_1_268' title='bbox 876 3385 904 3396; x_wconf 89' lang='lat'>-</span> <span class='ocrx_word' id='word_1_269' title='bbox 942 3354 1119 3406; x_wconf 74' lang='lat' dir='ltr'><strong>inimicissimi.</strong></span> <span class='ocrx_word' id='word_1_270' title='bbox 1144 3354 1232 3430; x_wconf 81' lang='lat' dir='ltr'><strong>Quod</strong></span> <span class='ocrx_word' id='word_1_271' title='bbox 1249 3358 1333 3432; x_wconf 78' lang='lat' dir='ltr'><strong>vulga</strong></span> <span class='ocrx_word' id='word_1_272' title='bbox 1374 3358 1376 3363; x_wconf 81' lang='lat'>&#39;</span> 
     </span>
     <span class='ocr_line' id='line_1_33' title="bbox 268 3416 1344 3488; baseline 0.012 -20"><span class='ocrx_word' id='word_1_273' title='bbox 268 3417 380 3473; x_wconf 79' lang='lat' dir='ltr'><strong>additur</strong></span> <span class='ocrx_word' id='word_1_274' title='bbox 406 3438 431 3472; x_wconf 91' lang='lat' dir='ltr'><strong>v.</strong></span> <span class='ocrx_word' id='word_1_275' title='bbox 447 3419 513 3478; x_wconf 89' lang='lat' dir='ltr'><strong>mei,</strong></span> <span class='ocrx_word' id='word_1_276' title='bbox 538 3432 570 3468; x_wconf 82' lang='lat' dir='ltr'><strong>ex</strong></span> <span class='ocrx_word' id='word_1_277' title='bbox 592 3416 771 3487; x_wconf 73' lang='lat' dir='ltr'><strong>&#39;geminatione</strong></span> <span class='ocrx_word' id='word_1_278' title='bbox 792 3418 902 3471; x_wconf 87' lang='lat' dir='ltr'><strong>ultimae</strong></span> <span class='ocrx_word' id='word_1_279' title='bbox 926 3417 1048 3487; x_wconf 80' lang='lat' dir='ltr'><strong>syllabae</strong></span> <span class='ocrx_word' id='word_1_280' title='bbox 1070 3429 1179 3488; x_wconf 87' lang='lat' dir='ltr'><strong>ortum,</strong></span> <span class='ocrx_word' id='word_1_281' title='bbox 1201 3421 1344 3480; x_wconf 51' lang='lat' dir='ltr'><strong>semma</strong></span> 
     </span>
     <span class='ocr_line' id='line_1_34' title="bbox 269 3460 1344 3560; baseline 0.009 -25"><span class='ocrx_word' id='word_1_282' title='bbox 269 3495 384 3538; x_wconf 81' lang='lat' dir='ltr'><strong>auctore</strong></span> <span class='ocrx_word' id='word_1_283' title='bbox 405 3482 547 3548; x_wconf 82' lang='lat' dir='ltr'><strong>Munatio,</strong></span> <span class='ocrx_word' id='word_1_284' title='bbox 571 3482 693 3538; x_wconf 80' lang='lat' dir='ltr'><strong>exclusit.</strong></span> <span class='ocrx_word' id='word_1_285' title='bbox 715 3515 749 3528; x_wconf 89' lang='lat'><em>-</em></span> <span class='ocrx_word' id='word_1_286' title='bbox 789 3489 971 3552; x_wconf 82' lang='lat' dir='ltr'><strong>Apamensem,</strong></span> <span class='ocrx_word' id='word_1_287' title='bbox 991 3500 1027 3536; x_wconf 83' lang='lat' dir='ltr'><strong>cx</strong></span> <span class='ocrx_word' id='word_1_288' title='bbox 1044 3491 1166 3556; x_wconf 83' lang='lat' dir='ltr'><strong>Apamea</strong></span> <span class='ocrx_word' id='word_1_289' title='bbox 1189 3488 1282 3560; x_wconf 83' lang='lat' dir='ltr'><strong>urbe,</strong></span> <span class='ocrx_word' id='word_1_290' title='bbox 1299 3460 1344 3551; x_wconf 68' lang='lat' dir='ltr'><strong>adl</strong></span> 
     </span>
     <span class='ocr_line' id='line_1_35' title="bbox 269 3548 1330 3665; baseline 0.003 -63"><span class='ocrx_word' id='word_1_291' title='bbox 269 3548 406 3604; x_wconf 87' lang='lat' dir='ltr'><strong>Orontem</strong></span> <span class='ocrx_word' id='word_1_292' title='bbox 421 3550 485 3618; x_wconf 87' lang='lat' dir='ltr'><strong>sita,</strong></span> <span class='ocrx_word' id='word_1_293' title='bbox 510 3548 537 3601; x_wconf 91' lang='lat' dir='ltr'><strong>in</strong></span> <span class='ocrx_word' id='word_1_294' title='bbox 553 3549 711 3665; x_wconf 76' lang='lat' dir='ltr'><strong>Apamena,</strong></span> <span class='ocrx_word' id='word_1_295' title='bbox 744 3559 822 3617; x_wconf 86' lang='lat' dir='ltr'><strong>parte</strong></span> <span class='ocrx_word' id='word_1_296' title='bbox 840 3548 936 3618; x_wconf 79' lang='lat' dir='ltr'><strong>Syriae</strong></span> <span class='ocrx_word' id='word_1_297' title='bbox 961 3551 1191 3621; x_wconf 83' lang='lat' dir='ltr'><strong>septentrionalis.</strong></span> <span class='ocrx_word' id='word_1_298' title='bbox 1204 3586 1242 3601; x_wconf 76' lang='grc'><strong>.-</strong></span> <span class='ocrx_word' id='word_1_299' title='bbox 1282 3563 1330 3611; x_wconf 82' lang='lat' dir='ltr'><strong>Ao·</strong></span> 
     </span>
     <span class='ocr_line' id='line_1_36' title="bbox 270 3612 1331 3692; baseline 0.009 -27"><span class='ocrx_word' id='word_1_300' title='bbox 270 3616 405 3668; x_wconf 77' lang='lat' dir='ltr'><strong>ceodrium</strong></span> <span class='ocrx_word' id='word_1_301' title='bbox 428 3634 461 3669; x_wconf 84' lang='lat' dir='ltr'><strong>ex</strong></span> <span class='ocrx_word' id='word_1_302' title='bbox 484 3619 573 3669; x_wconf 84' lang='lat' dir='ltr'><strong>Antan</strong></span> <span class='ocrx_word' id='word_1_303' title='bbox 595 3632 642 3681; x_wconf 86' lang='lat' dir='ltr'><strong>ro,</strong></span> <span class='ocrx_word' id='word_1_304' title='bbox 667 3616 695 3667; x_wconf 89' lang='lat' dir='ltr'><strong>iu</strong></span> <span class='ocrx_word' id='word_1_305' title='bbox 710 3614 799 3683; x_wconf 87' lang='lat' dir='ltr'><strong>Mysia</strong></span> <span class='ocrx_word' id='word_1_306' title='bbox 817 3612 882 3667; x_wconf 88' lang='lat' dir='ltr'><strong>Idae</strong></span> <span class='ocrx_word' id='word_1_307' title='bbox 900 3617 987 3668; x_wconf 88' lang='lat' dir='ltr'><strong>monti</strong></span> <span class='ocrx_word' id='word_1_308' title='bbox 1007 3616 1203 3671; x_wconf 70' lang='lat' dir='ltr'><strong>adiacentes-</strong></span> <span class='ocrx_word' id='word_1_309' title='bbox 1246 3640 1331 3692; x_wconf 78' lang='lat' dir='ltr'><strong>nages</strong></span> 
     </span>
     <span class='ocr_line' id='line_1_37' title="bbox 270 3681 1330 3752; baseline 0.008 -20"><span class='ocrx_word' id='word_1_310' title='bbox 270 3684 408 3734; x_wconf 75' lang='lat' dir='ltr'><strong>munimus.</strong></span> <span class='ocrx_word' id='word_1_311' title='bbox 448 3681 626 3736; x_wconf 84' lang='lat' dir='ltr'><strong>Abstraotum</strong></span> <span class='ocrx_word' id='word_1_312' title='bbox 651 3698 702 3750; x_wconf 85' lang='lat' dir='ltr'><strong>pro</strong></span> <span class='ocrx_word' id='word_1_313' title='bbox 723 3690 868 3734; x_wconf 85' lang='lat' dir='ltr'><strong>concreto:</strong></span> <span class='ocrx_word' id='word_1_314' title='bbox 892 3682 1014 3737; x_wconf 86' lang='lat' dir='ltr'><strong>hominos</strong></span> <span class='ocrx_word' id='word_1_315' title='bbox 1031 3683 1199 3752; x_wconf 85' lang='lat' dir='ltr'><strong>levissimos,</strong></span> <span class='ocrx_word' id='word_1_316' title='bbox 1223 3687 1330 3742; x_wconf 82' lang='lat' dir='ltr'><strong>infimae</strong></span> 
     </span>
     <span class='ocr_line' id='line_1_38' title="bbox 271 3745 1331 3821; baseline 0.008 -23"><span class='ocrx_word' id='word_1_317' title='bbox 271 3745 435 3801; x_wconf 85' lang='lat' dir='ltr'><strong>conditionis</strong></span> <span class='ocrx_word' id='word_1_318' title='bbox 448 3749 550 3802; x_wconf 84' lang='lat' dir='ltr'><strong>nullius</strong></span> <span class='ocrx_word' id='word_1_319' title='bbox 573 3765 607 3800; x_wconf 83' lang='lat' dir='ltr'><strong>ue</strong></span> <span class='ocrx_word' id='word_1_320' title='bbox 624 3747 711 3818; x_wconf 86' lang='lat' dir='ltr'><strong>pretii</strong></span> <span class='ocrx_word' id='word_1_321' title='bbox 727 3776 761 3789; x_wconf 55' lang='grc' dir='ltr'><strong>υ-</strong></span> <span class='ocrx_word' id='word_1_322' title='bbox 795 3749 997 3817; x_wconf 71' lang='lat' dir='ltr'><strong>Colophonium,</strong></span> <span class='ocrx_word' id='word_1_323' title='bbox 1017 3765 1050 3801; x_wconf 84' lang='lat' dir='ltr'><strong>ax</strong></span> <span class='ocrx_word' id='word_1_324' title='bbox 1065 3750 1230 3821; x_wconf 83' lang='lat' dir='ltr'><strong>Colophone</strong></span> <span class='ocrx_word' id='word_1_325' title='bbox 1249 3755 1278 3809; x_wconf 85' lang='lat' dir='ltr'><strong>iu</strong></span> <span class='ocrx_word' id='word_1_326' title='bbox 1293 3756 1331 3808; x_wconf 89' lang='lat' dir='ltr'><strong>Io·</strong></span> 
     </span>
     <span class='ocr_line' id='line_1_39' title="bbox 270 3765 1333 3884; baseline 0.008 -19"><span class='ocrx_word' id='word_1_327' title='bbox 270 3811 323 3865; x_wconf 84' lang='lat' dir='ltr'><strong>nia.</strong></span> <span class='ocrx_word' id='word_1_328' title='bbox 337 3847 370 3856; x_wconf 94' lang='lat'><em>-</em></span> <span class='ocrx_word' id='word_1_329' title='bbox 403 3832 455 3865; x_wconf 85' lang='lat' dir='ltr'><strong>non</strong></span> <span class='ocrx_word' id='word_1_330' title='bbox 488 3833 530 3869; x_wconf 85' lang='lat' dir='ltr'><strong>ao.</strong></span> <span class='ocrx_word' id='word_1_331' title='bbox 552 3765 618 3870; x_wconf 55' lang='lat' dir='ltr'><strong>‘lid</strong></span> <span class='ocrx_word' id='word_1_332' title='bbox 634 3815 743 3884; x_wconf 88' lang='lat' dir='ltr'><strong>Zumpt.</strong></span> <span class='ocrx_word' id='word_1_333' title='bbox 756 3817 778 3883; x_wconf 86' lang='lat'><strong>§.</strong></span> <span class='ocrx_word' id='word_1_334' title='bbox 797 3813 845 3866; x_wconf 81' lang='lat'><strong>536</strong></span> <span class='ocrx_word' id='word_1_335' title='bbox 860 3832 900 3884; x_wconf 90' lang='lat' dir='ltr'><strong>sq.</strong></span> <span class='ocrx_word' id='word_1_336' title='bbox 916 3848 950 3860; x_wconf 89' lang='lat'><em>-</em></span> <span class='ocrx_word' id='word_1_337' title='bbox 982 3817 1116 3878; x_wconf 72' lang='lat' dir='ltr'><strong>leae&#39;tatei,</strong></span> <span class='ocrx_word' id='word_1_338' title='bbox 1133 3823 1333 3883; x_wconf 66' lang='lat' dir='ltr'><strong>assentationis,</strong></span> 
     </span>
     <span class='ocr_line' id='line_1_40' title="bbox 272 3879 1376 3945; baseline 0.009 -17"><span class='ocrx_word' id='word_1_339' title='bbox 272 3880 428 3930; x_wconf 73' lang='lat' dir='ltr'><strong>animorum.</strong></span> <span class='ocrx_word' id='word_1_340' title='bbox 502 3882 574 3934; x_wconf 86' lang='lat' dir='ltr'><strong>hiita.</strong></span> <span class='ocrx_word' id='word_1_341' title='bbox 591 3880 624 3933; x_wconf 90' lang='lat' dir='ltr'><strong>de</strong></span> <span class='ocrx_word' id='word_1_342' title='bbox 641 3882 748 3933; x_wconf 75' lang='lat' dir='ltr'><strong>Erneso:</strong></span> <span class='ocrx_word' id='word_1_343' title='bbox 762 3881 920 3934; x_wconf 85' lang='lat' dir='ltr'><strong>conlectura</strong></span> <span class='ocrx_word' id='word_1_344' title='bbox 936 3879 1023 3935; x_wconf 78' lang='lat' dir='ltr'><strong>dedite</strong></span> <span class='ocrx_word' id='word_1_345' title='bbox 1042 3883 1158 3934; x_wconf 83' lang='lat' dir='ltr'><strong>levitatis</strong></span> <span class='ocrx_word' id='word_1_346' title='bbox 1173 3896 1200 3935; x_wconf 84' lang='lat' dir='ltr'><strong>et</strong></span> <span class='ocrx_word' id='word_1_347' title='bbox 1216 3899 1332 3941; x_wconf 70' lang='lat' dir='ltr'><strong>asemas·</strong></span> <span class='ocrx_word' id='word_1_348' title='bbox 1372 3910 1376 3945; x_wconf 72' lang='grc' dir='ltr'><strong>ι,</strong></span> 
     </span>
     <span class='ocr_line' id='line_1_41' title="bbox 272 3900 1372 4023; baseline 0.006 -27"><span class='ocrx_word' id='word_1_349' title='bbox 272 3947 352 3996; x_wconf 72' lang='lat' dir='ltr'><strong>tronis</strong></span> <span class='ocrx_word' id='word_1_350' title='bbox 367 3947 505 3999; x_wconf 83' lang='lat' dir='ltr'><strong>hominum.</strong></span> <span class='ocrx_word' id='word_1_351' title='bbox 525 3980 558 3992; x_wconf 89' lang='lat'><em>-</em></span> <span class='ocrx_word' id='word_1_352' title='bbox 591 3965 643 3998; x_wconf 86' lang='lat' dir='ltr'><strong>non</strong></span> <span class='ocrx_word' id='word_1_353' title='bbox 659 3946 764 4015; x_wconf 76' lang='lat' dir='ltr'><strong>officiis,</strong></span> <span class='ocrx_word' id='word_1_354' title='bbox 780 3948 826 3997; x_wconf 86' lang='lat' dir='ltr'><strong>sed</strong></span> <span class='ocrx_word' id='word_1_355' title='bbox 840 3958 916 4015; x_wconf 86' lang='lat' dir='ltr'><strong>temp.</strong></span> <span class='ocrx_word' id='word_1_356' title='bbox 933 3949 1116 4010; x_wconf 70' lang='lat' dir='ltr'><strong>scrutantium,</strong></span> <span class='ocrx_word' id='word_1_357' title='bbox 1134 3949 1150 4002; x_wconf 88' lang='lat' dir='ltr'><strong>i.</strong></span> <span class='ocrx_word' id='word_1_358' title='bbox 1164 3966 1189 4004; x_wconf 80' lang='lat' dir='ltr'><strong>a.</strong></span> <span class='ocrx_word' id='word_1_359' title='bbox 1206 3953 1276 4023; x_wconf 83' lang='lat' dir='ltr'><strong>qui,</strong></span> <span class='ocrx_word' id='word_1_360' title='bbox 1290 3968 1332 4007; x_wconf 81' lang='lat' dir='ltr'><strong>ne·</strong></span> <span class='ocrx_word' id='word_1_361' title='bbox 1365 3900 1372 4001; x_wconf 58' lang='lat' dir='ltr'><strong>i</strong></span> 
     </span>
     <span class='ocr_line' id='line_1_42' title="bbox 272 4009 983 4084; baseline 0.006 -22"><span class='ocrx_word' id='word_1_362' title='bbox 272 4009 365 4082; x_wconf 83' lang='lat' dir='ltr'><strong>glecto·</strong></span> <span class='ocrx_word' id='word_1_363' title='bbox 379 4010 485 4078; x_wconf 81' lang='lat' dir='ltr'><strong>officio,</strong></span> <span class='ocrx_word' id='word_1_364' title='bbox 500 4021 659 4084; x_wconf 82' lang='lat' dir='ltr'><strong>temporum</strong></span> <span class='ocrx_word' id='word_1_365' title='bbox 675 4029 758 4064; x_wconf 85' lang='lat' dir='ltr'><strong>causa</strong></span> <span class='ocrx_word' id='word_1_366' title='bbox 771 4012 861 4064; x_wconf 87' lang='lat' dir='ltr'><strong>omnia</strong></span> <span class='ocrx_word' id='word_1_367' title='bbox 873 4011 983 4066; x_wconf 83' lang='lat' dir='ltr'><strong>facitrnt.</strong></span> 
     </span>
    </p>
   </div>
   <div class='ocr_carea' id='block_1_5' title="bbox 338 4098 1335 4187">
    <p class='ocr_par' dir='ltr' id='par_1_7' title="bbox 338 4098 1335 4187">
     <span class='ocr_line' id='line_1_43' title="bbox 338 4098 1335 4187; baseline 0.01 -35"><span class='ocrx_word' id='word_1_368' title='bbox 338 4105 362 4168; x_wconf 73' lang='grc' dir='ltr'><strong>ς,</strong></span> <span class='ocrx_word' id='word_1_369' title='bbox 386 4100 410 4153; x_wconf 81' lang='grc'><strong>5.</strong></span> <span class='ocrx_word' id='word_1_370' title='bbox 445 4098 482 4154; x_wconf 90' lang='lat' dir='ltr'><strong>M.</strong></span> <span class='ocrx_word' id='word_1_371' title='bbox 501 4099 637 4160; x_wconf 83' lang='lat' dir='ltr'><strong>Cascellii,</strong></span> <span class='ocrx_word' id='word_1_372' title='bbox 666 4099 781 4154; x_wconf 84' lang='lat' dir='ltr'><strong>hominis</strong></span> <span class='ocrx_word' id='word_1_373' title='bbox 800 4099 929 4170; x_wconf 85' lang='lat' dir='ltr'><strong>Romani,</strong></span> <span class='ocrx_word' id='word_1_374' title='bbox 954 4099 1049 4173; x_wconf 86' lang='lat' dir='ltr'><strong>quiin</strong></span> <span class='ocrx_word' id='word_1_375' title='bbox 1073 4103 1216 4174; x_wconf 82' lang='lat' dir='ltr'><strong>prouincia</strong></span> <span class='ocrx_word' id='word_1_376' title='bbox 1241 4105 1335 4187; x_wconf 68' lang='lat' dir='ltr'><strong>Quini</strong></span> 
     </span>
    </p>
   </div>
   <div class='ocr_carea' id='block_1_6' title="bbox 0 0 1399 4866">
    <p class='ocr_par' dir='ltr' id='par_1_8' title="bbox 0 0 1399 4866">
     <span class='ocr_line' id='line_1_44' title="bbox 0 0 1399 4866; baseline 0 0"><span class='ocrx_word' id='word_1_377' title='bbox 0 0 1399 4866; x_wconf 95' lang='lat' dir='ltr'><strong> </strong></span> 
     </span>
    </p>
   </div>
  </div>
 </body>
</html>
