2768 4866
259 241 311 314 oo
410 246 448 308 u.
468 245 499 307 r.
521 203 704 309 nonnum
724 241 872 309 ursum.
893 242 943 307 au
963 241 996 317 o.
1016 241 1189 307 urrunnu

260 431 297 497 in
316 427 570 516 ipsodiscessu
588 429 726 513 nostro,
754 422 896 491 alteram
915 423 1067 491 Arimino
1087 423 1228 491 datam:
1256 423 1329 510 plu·

261 553 339 623 res,
369 550 455 620 quas
482 531 603 601 scribis
632 536 668 599 tc
696 531 856 617 dedisse,
886 548 955 597 non
982 539 1197 618 acceperam.
1252 531 1327 618 logo

261 659 315 709 me
337 641 373 706 in
393 637 541 709 Cumano
569 643 605 706 et
623 639 855 728 Pompeiano,
886 641 1121 726 praeterquam
1143 636 1239 725 quod
1259 639 1328 706 sine
1372 610 1374 645 ¹

262 753 319 836 te,
340 752 487 815 ceterum
507 746 595 813 satis
616 745 788 812 commode
807 744 1016 813 oblectabam
1036 750 1073 812 et
1092 763 1188 811 eram
1205 743 1244 810 in
1260 744 1326 811 eis·
1372 736 1374 779 Ι

261 854 341 922 dem
361 854 444 922 locis
464 871 572 942 usque
592 852 636 920 od
657 851 736 919 Kal.
756 851 830 918 Iun.
851 851 996 918 futurus.
1038 848 1243 920 scribebam
1261 849 1326 938 illo,

263 978 350 1048 quae
371 959 524 1027 dixeram
545 959 729 1022 noticias:
761 957 909 1043 spissum
935 972 1020 1022 sane
1041 973 1126 1041 opus
1148 959 1185 1021 et
1208 973 1327 1042 opero·

263 1087 349 1134 sum.
391 1065 482 1154 Sed,
504 1065 536 1132 si
553 1083 598 1131 ex
615 1064 785 1132 sententia
798 1063 1025 1147 successerit,
1047 1060 1136 1129 bene
1149 1061 1328 1149 eritopers

264 1175 386 1261 posita.
439 1171 503 1240 Sin
531 1173 660 1238 minus:
690 1171 727 1237 in
755 1168 840 1237 illud
865 1169 973 1256 ipsum
997 1185 1090 1238 marc
1114 1166 1326 1255 deiiciemus,

266 1278 355 1366 quod
382 1282 580 1365 spectantes
605 1277 792 1345 scribimus.
844 1275 1100 1363 Aggredicmur
1127 1273 1222 1364 alia,
1252 1293 1328 1361 quo

191 1388 225 1460 2.
266 1386 356 1453 niam
377 1387 553 1471 quiescere
573 1403 640 1451 non
654 1401 844 1471 possumus.
887 1379 962 1448 'rua
977 1380 1134 1447 mandata
1146 1382 1330 1467 persequar

268 1491 453 1579 diligenter
474 1496 509 1558 et
530 1487 758 1577 adiungendis
779 1488 968 1555 hominibus
982 1494 1025 1566 ¹et
1046 1486 1252 1575 quibusdam
1272 1505 1331 1552 non

266 1598 465 1666 alienandis.
514 1597 682 1664 Maximae
703 1595 782 1662 mibi
802 1615 885 1664 uero
905 1613 1008 1663 curae
1028 1597 1111 1683 erit,
1132 1599 1173 1660 ut
1195 1593 1331 1662 Cicero·

267 1722 344 1771 nem
372 1710 464 1772 tuum
489 1711 704 1791 nostrumque
731 1703 883 1792 videam,
912 1703 1044 1771 scilicet
1069 1702 1243 1790 quotidie:
1277 1701 1331 1770 sed

267 1811 443 1898 inspiciam
473 1810 551 1898 quid
580 1810 690 1883 discat
719 1823 815 1896 quam
844 1809 1069 1895 saepissime:
1100 1813 1154 1896 et,
1185 1810 1256 1876 nisi
1283 1809 1332 1876 ille

269 1922 473 2002 contemnet,
492 1918 593 1983 etiam
610 1918 809 2003 magistrum
824 1935 877 1982 me
896 1917 929 1982 ei
945 1913 1151 2002 profitebor:
1175 1917 1276 1982 cuius
1291 1915 1333 1981 rei

270 2024 464 2090 nonnullam
496 2023 770 2089 consuetudinem
800 2027 920 2088 nactus
952 2040 1025 2087 som
1056 2021 1092 2087 in
1125 2021 1192 2105 hoe
1223 2021 1333 2088 borum

187 2132 230 2225 β.
272 2128 400 2195 dicrum
422 2128 509 2220 otio,
532 2124 697 2194 Cicerone
717 2128 834 2194 nostro
852 2129 983 2199 ,minore
1003 2120 1240 2214 producendo.
1278 2127 1331 2212 Tu,

272 2232 546 2327 quemadmodum
573 2233 716 2323 scribis,
749 2233 836 2320 quod
864 2234 964 2299 etiam
995 2233 1026 2298 si
1053 2251 1121 2298 non
1149 2232 1334 2314 scriberes,

272 2341 387 2407 iacere
404 2347 437 2407 tc
459 2340 722 2430 diligentissime,
733 2346 845 2409 tamen
863 2339 1029 2425 sciebam,
1050 2339 1174 2427 iacies,
1193 2340 1333 2426 scilicet,

272 2537 301 2588 in
319 2538 375 2606 ipsc
391 2538 505 2590 dc'ssesso
521 2550 615 2590 nostro
636 2538 653 2592 i.
666 2554 690 2592 e.
708 2539 796 2593 statim
819 2539 967 2611 postquam
988 2554 1003 2591 a
1025 2548 1051 2592 te
1070 2535 1194 2593 discessi.
1208 2571 1239 2584 -
1273 2537 1333 2587 Ari-

272 2605 355 2665 mino,
369 2603 460 2676 primo
475 2605 633 2676 provinciae
642 2606 768 2659 Caesaris
784 2604 898 2676 oppido,
912 2621 999 2676 quum
1012 2605 1046 2656 ad
1063 2621 1125 2658 eum
1141 2605 1254 2684 Quintus
1262 2614 1328 2682 pro·

271 2669 452 2723 ficisccretur.
477 2703 509 2713 -
555 2673 714 2722 Comenses
732 2671 905 2741 Pompeiano,
928 2669 1037 2724 duabus
1057 2670 1199 2726 Ciceronis
1218 2669 1284 2723 uillis
1303 2665 1330 2720 iu

272 2736 421 2807 Campania
438 2751 532 2854 §tropo
553 2738 654 2791 Cumas
672 2746 700 2790 st
720 2734 876 2809 Pompeios.
896 2767 927 2779 -
962 2736 1129 2790 oblectabam.
1167 2736 1239 2791 nlo:
1259 2733 1334 2788 oblec-

272 2802 409 2880 sebast·
455 2819 555 2854 iseram
570 2818 613 2882 me
630 2803 810 2874 scripturum.
827 2837 857 2848 -
883 2797 1016 2871 solecismi,
1030 2803 1118 2856 libros
1136 2800 1172 2856 de
1187 2801 1338 2876 republica,

272 2882 344 2938 quas
365 2887 392 2922 ιιι
412 2869 534 2922 Cumano
553 2867 676 2922 scribere
694 2868 818 2924 institnit.
851 2870 888 2923 V.
904 2869 975 2924 infra
989 2870 1010 2923 l.
1023 2868 1076 2925 de
1101 2911 1104 2921 .
1120 2868 1137 2922 5
1153 2868 1211 2923 init.
1234 2867 1267 2923 ad
1284 2869 1335 2922 Ati.

272 2941 305 2999 4,
324 2937 352 2998 ri
361 2952 370 3001 3
389 2935 433 2998 ιθ,
452 2950 523 3012 aeq.
545 2966 578 2979 -
610 2938 743 3004 spissum,
760 2937 880 3004 lentum,
895 2935 1019 3002 tardum,
1036 2885 1154 2988 ditbpcile.
1184 2934 1272 2989 wad
1289 2931 1333 2985 dir.

182 3024 185 3029 ·
274 3014 306 3063 a,
326 3016 371 3051 ro.
387 3002 411 3064 ip.
434 2999 490 3054 Cre.
505 3009 575 3052 orat.
590 3016 620 3080 ι’,
637 3001 678 3055 53.
695 3001 728 3068 3,
742 3001 784 3055 36.
802 3034 834 3047 -
868 3003 940 3072 quod
956 3012 1103 3081 spectantes
1120 3001 1272 3057 scribimus.
1300 2999 1334 3053 na

274 3063 364 3117 Orell.
383 3081 445 3116 cum
469 3063 549 3119 codd.
568 3065 773 3138 cdrttquomett.
793 3084 847 3138 pro
871 3068 946 3140 vulg.
974 3068 1115 3118 scribentes
1135 3077 1296 3136 spectamus.
1309 3095 1335 3110 -

275 3133 420 3202 quiescere,
437 3130 502 3183 nibil
519 3147 610 3203 agere.

344 3215 379 3289 εὖ
394 3240 417 3278 u.
453 3212 626 3292 adiungendis
644 3223 677 3277 od
695 3225 847 3280 amicitiam.
863 3261 897 3271 -
939 3228 986 3279 sed
1008 3227 1151 3292 inspiciam.
1187 3224 1339 3343 Bentivofil.

276 3290 323 3340 sed
338 3302 363 3342 et
380 3291 534 3357 abspicioau
552 3289 638 3342 eidem
657 3301 747 3345 tamen
764 3293 902 3349 correctio
919 3295 946 3346 in
964 3293 1086 3365 margine
1102 3291 1273 3362 exemplaris
1293 3309 1306 3344 c
1325 3290 1341 3342 i·

276 3355 358 3409 tionis
371 3354 502 3427 principis
516 3355 693 3411 Victoriannc
708 3371 733 3410 ct
748 3361 884 3429 inspiciam
897 3361 980 3431 magis
996 3355 1109 3411 arridet.
1128 3389 1160 3399 -
1192 3359 1280 3412 diseat
1295 3360 1340 3427 Ty·

276 3423 409 3474 rannione
426 3419 540 3476 doctore
550 3443 559 3490 3
583 3442 608 3476 v.
626 3442 712 3496 supra
729 3432 800 3496 epi
818 3426 872 3484 hui.
889 3426 955 3481 libr.
970 3422 993 3492 §2
1007 3440 1032 3477 o.
1049 3455 1081 3466 —
1101 3424 1182 3493 ³otio,
1199 3440 1214 3476 u
1233 3421 1340 3479 iudicio·

277 3505 339 3540 rum
355 3487 452 3560 reique
470 3489 598 3558 publicae
615 3507 682 3543 cura
695 3491 722 3543 in
740 3491 802 3544 villa
820 3492 901 3551 liber.
917 3523 949 3535 -
983 3492 1083 3541 meliore
1098 3487 1180 3560 gloss.
1197 3488 1340 3543 videbatur

277 3553 417 3626 Mamucio,
443 3555 508 3625 quia
530 3553 564 3607 ad
580 3553 742 3610 Ciceronem
761 3557 893 3610 minorem
913 3573 928 3611 a
948 3558 1048 3608 macore
1065 3553 1159 3675 Q¹uinti
1179 3554 1238 3608 filio
1255 3552 1340 3610 distin·

278 3617 433 3690 guendum,
451 3637 538 3691 quum
559 3616 592 3673 ud
607 3621 722 3675 srstrem
740 3622 860 3690 scribat,
876 3641 931 3676 non
947 3639 1019 3693 opus
1036 3637 1083 3673 cra
1111 3619 1215 3675 addere
1236 3626 1338 3675 mesore.

279 3689 316 3761 At
328 3684 398 3737 euim
414 3703 500 3756 supra
521 3698 585 3741 utro
609 3707 642 3740 ue
662 3689 825 3760 pronomine
844 3701 921 3742 tuam
938 3700 1108 3758 nostrumque
1121 3686 1217 3765 Quinti
1239 3699 1340 3742 tantum

278 3749 364 3802 filium
383 3751 544 3823 significasse
564 3701 689 3820 coimus,
708 3755 731 3806 b.
748 3755 766 3808 l.
783 3765 875 3809 autern
888 3773 976 3827 quum
990 3752 1023 3806 de
1039 3770 1090 3807 suo
1106 3762 1215 3821 tantum,
1229 3754 1287 3809 filio
1306 3755 1343 3807 lo

280 3817 452 3885 quatur‚·ad
470 3820 673 3892 ambiguitatem
689 3818 823 3874 citandam
843 3842 869 3876 v.
879 3826 980 3876 minore
996 3816 1102 3874 adiecit.
1135 3818 1178 3873 Cf.
1195 3819 1269 3874 infra
1286 3822 1311 3888 3,
1321 3838 1342 3885 ι,

282 3883 326 3948 ¹43
343 3880 407 3949 3,i.
430 3917 462 3928 -
499 3887 669 3955 producendo
691 3888 707 3939 i.
723 3903 745 3943 e.
769 3887 951 3954 instituendo,
977 3883 1122 3939 formando
1143 3887 1342 3951 (v.1uveu.b‚

281 3951 337 4013 nir.
357 3953 397 4015 ri,
411 3949 488 4016 nu8)‚
506 3961 553 4004 aut
568 3951 757 4023 producendo,
774 3955 813 4010 uti
829 3955 951 4008 Orellius
966 3961 1068 4016 monet,
1085 3950 1118 4004 ad
1133 3950 1218 4023 ῥήσεις
1234 3953 1342 4024 (latincz

277 4024 382 4092 partes,
398 4030 429 4094 ac
445 4013 704 4072 declamatiunculas
722 4019 793 4075 inter
809 4021 909 4087 amicos
924 4016 1102 4089 recitandas).
1118 4019 1237 4093 Absque
1256 4036 1345 4076 neces·

280 4080 358 4133 ritate
376 4089 459 4154 rgrtur
476 4080 588 4139 Schiitc.
604 4085 730 4155 rcposuit
743 4086 915 4155 perdocenda.
1022 4147 1025 4151 ,
