2768 4866
480 234 482 239 ’
535 266 596 327 ιιι.
620 267 639 328 ι.
681 267 731 328 ue.
751 267 783 329 ιι.
992 292 994 297 -
1070 287 1074 296 ·
1145 269 1191 336 4ι

131 463 235 535 soso,
262 458 297 522 et
317 450 410 526 ἅπαξ
434 454 564 514 θανεῖν.
616 448 749 515 Maiora
768 449 836 516 ista
856 454 963 517 eruut.
1005 450 1107 518 ltleae
1128 451 1192 517 ob-

131 562 343 652 iurgationes
365 559 502 625 suerunt
523 555 647 623 amoris
660 554 891 645 plenissimae,
913 576 999 643 quac
1012 563 1091 624 sumt
1104 578 1192 624 non-

112 671 245 756 nulle,
278 666 342 735 scd
362 671 474 732 tamen
495 661 674 730 mediocria
695 664 731 727 et
750 679 860 746 parva
881 665 1001 748 potius.
1053 665 1133 752 Ego
1160 671 1195 733 te

131 793 300 862 uunquam
322 773 392 838 ulla
412 771 447 837 iu
468 787 506 836 re
532 767 672 855 dignum
692 766 827 832 minima
846 768 1109 854 reprehensione
1128 792 1195 858 pu·

131 885 283 966 tassern,
317 895 415 963 quum
445 878 479 941 te
508 872 720 939 sanctissime
744 890 916 959 gereres,
947 875 1016 941 nisi
1047 877 1195 945 inimicos

131 987 253 1054 multos
273 983 481 1051 haberemus.
525 978 620 1062 Quae
642 977 687 1044 ad
708 981 743 1044 te
764 979 878 1064 aliqua
894 979 1120 1049 admonitione
1139 989 1197 1051 aut

134 1090 372 1178 obiurgatione
399 1086 539 1175 scripsi,
568 1086 690 1172 scripsi
715 1089 854 1172 propter
881 1085 1091 1171 diligentiam
1113 1107 1195 1155 can-

135 1198 237 1265 tionis
259 1212 375 1283 meac,
398 1195 433 1259 in
453 1196 573 1278 quaet
593 1210 712 1258 maneo
735 1197 770 1258 et
790 1190 950 1281 manebo,
973 1197 1028 1281 et,
1050 1193 1139 1260 idern
1159 1199 1197 1260 ut

133 1303 258 1378 famas,
276 1321 344 1367 uon
360 1298 523 1367 desistam
536 1314 672 1385 rogare.
713 1297 852 1363 Attalns
864 1293 1108 1384 Hyphemeuus
1121 1318 1196 1367 rne-
1238 1288 1296 1358 ¹4·

136 1427 209 1476 cum
230 1408 323 1496 egit,
345 1409 383 1471 ut
403 1423 443 1470 se
461 1423 505 1471 ue
526 1401 729 1490 impedires,
751 1420 815 1488 quo
836 1403 963 1487 minus,
984 1404 1071 1491 qnod
1091 1404 1135 1471 ad
1154 1404 1195 1490 Q.

134 1513 311 1582 Publiceni
330 1514 477 1578 statuam
497 1508 668 1578 decretum
689 1511 762 1594 est,
784 1512 1002 1598 erogaretur:
1023 1510 1109 1597 quod
1127 1530 1195 1598 ego

133 1626 170 1688 te
192 1623 228 1687 et
246 1637 333 1705 rogo
354 1619 389 1682 et
410 1614 591 1700 admoneo,
611 1633 655 1681 ne
674 1615 754 1682 talis
775 1617 840 1685 viri
860 1620 994 1702 tamque
1008 1619 1117 1685 nostri
1130 1637 1196 1685 ne·

135 1723 279 1795 cessarii
299 1723 458 1791 honorem
478 1720 580 1790 minui
599 1726 711 1806 perte
725 1725 783 1790 ant
797 1721 950 1809 impediri
965 1723 1063 1791 velis.
1084 1725 1195 1794 Prae·

136 1956 257 2018 Videtur
273 1953 399 2010 alludere
417 1954 452 2010 ad
470 1957 630 2011 seutentiam
646 1956 721 2011 illam
738 1958 839 2013 'l'eletis
858 1973 903 2031 ap.
920 1958 1072 2014 stobaeum
1091 1975 1115 2015 o.
1133 1962 1195 2015 rods

134 2023 162 2082 sd
181 2025 252 2090 ἴσθι,
267 2023 414 2095 Ποσειδᾶν,
429 2025 469 2076 ire
488 2025 566 2095 ὀρθὰν
580 2023 626 2079 rda
643 2029 704 2077 aurio
719 2023 875 2093 καταδῶσω,
891 2042 975 2099 qnam
988 2026 1093 2080 Seneca
1108 2042 1152 2096 ep.
1162 2027 1196 2081 85

133 2089 217 2144 latine
231 2086 339 2155 reddit,
357 2088 420 2143 ubi:
445 2087 612 2142 Gubernator
627 2090 678 2142 tibi
690 2108 743 2142 oon
747 2089 911 2172 felicitatem
926 2093 1069 2162 pronote,
1092 2091 1195 2163 iuquit,

131 2156 292 2224 redfideieot
307 2172 415 2236 operam
431 2165 457 2213 ut
472 2159 548 2207 navio
564 2156 694 2224 regendae
711 2161 846 2209 secantium
852 2176 866 2221 ,·
882 2159 946 2212 duee
959 2176 989 2210 eo
1006 2159 1094 2225 magr's
1114 2176 1195 2228 appa·

133 2233 194 2340 νεῖν,
210 2238 261 2338 pac
279 2220 319 2272 iiii
333 2221 528 2338 magisffiqaa
534 2220 714 2340 &muneris
727 2223 829 2338 odsttitit
836 2242 850 2288 ,-
867 2226 915 2294 qai
921 2225 977 2339 ,doc
991 2225 1193 2358 W‘Jwgr‘*

126 2304 563 2424 persigffln‘oplxqguoaberfflocrs
576 2305 920 2421 sepedic'f'sergcsffiofsiogs
933 2307 990 2408 Ὀἵ
999 2307 1079 2409 ἑῐίαθιθιὶ
1095 2306 1196 2429 buim-
1212 2345 1214 2349 Α

132 2418 174 2473 til.
190 2435 221 2487 a,
240 2419 285 2485 18,
302 2421 342 2485 ad.
360 2428 452 2469 uotum
467 2418 537 2469 illari
552 2419 636 2491 adum
653 2416 756 2470 clavam
773 2431 874 2473 rectam
890 2432 1019 2476 teneam
1052 2420 1106 2474 Illo
1124 2418 1196 2476 dicto

134 2485 202 2540 boui
220 2483 429 2556 gubernatoris,
451 2484 546 2556 quise
563 2484 607 2537 rel
624 2484 740 2539 maxima
754 2494 916 2556 tempestate
933 2499 1030 2539 narem
1050 2496 1127 2540 recte
1146 2505 1195 2560 gu-

131 2551 315 2627 bernaturum
333 2551 482 2621 promittit,
500 2549 620 2625 Quintus
637 2567 703 2605 usus
719 2551 823 2605 eratin
840 2550 956 2624 epistola
971 2551 1147 2619 ordinatum,
1164 2562 1195 2608 ut

131 2634 163 2672 se
184 2615 354 2690 provinciam
373 2627 448 2670 reete
464 2613 716 2670 administraturum
733 2617 923 2689 profiteretur.
941 2649 973 2660 -
1010 2610 1194 2696 desecanti.

132 2684 152 2738 S
175 2690 266 2737 ectuut
282 2681 350 2734 haec
368 2682 454 2736 rerba
471 2681 506 2734 ed
522 2680 568 2735 Iirs
586 2681 660 2752 apud
678 2684 848 2754 Aeschylum
873 2683 900 2738 in
917 2684 1056 2738 Prometh.
1072 2694 1154 2740 eruct.
1170 2703 1195 2739 r.

131 2701 198 2822 723:
271 2747 356 2803 ιῖσσον
377 2749 430 2820 γὰρ
452 2747 563 2817 εἰσάπαξ
584 2749 685 2816 θανεῖν,

222 2811 235 2834 ”
284 2815 331 2880 τὰς
348 2811 452 2877 ἁπάσας
467 2813 518 2884 &pai
531 2836 560 2880 ας
579 2814 693 2888 πάσχειν
710 2818 806 2876 κακῶς.

132 2896 189 2952 qua
203 2881 335 2937 sententia
351 2881 470 2958 Quintus
483 2834 677 3000 iudicarathsc
693 2880 763 2934 mori
777 2879 873 2946 melle,
890 2896 975 2953 quem
989 2880 1110 2953 quotidie
1123 2882 1195 2937 male

131 2944 238 3001 audire.
253 2975 285 2988 -
317 2947 494 3000 Marcionita
510 2960 596 3002 erant.
646 2947 678 3000 lis
696 2948 801 3020 graecis
818 2946 961 3001 uersiculis
975 2964 1063 3019 quum
1077 2949 1194 3022 Quintus

131 3028 200 3067 usus
217 3021 303 3080 esset,
320 3029 378 3083 quo
393 3011 566 3081 ostenderet,
581 3029 611 3067 se
626 3012 829 3086 obiurgationes
844 3012 939 3068 fratris
954 3015 1069 3069 moleste
1081 3015 1195 3084 tulisse,

129 3079 246 3135 Marcus
264 3077 431 3160 respondete
453 3081 556 3132 maiora
571 3082 625 3131 itta
642 3092 738 3142 crant,
761 3078 780 3132 i.
799 3095 822 3132 e.
847 3084 891 3150 (ut
910 3091 987 3134 recte
1005 3081 1128 3135 Orellius
1151 3098 1196 3135 ex·

129 3144 247 3217 plicetJr
269 3145 421 3199 maioribus
436 3142 613 3199 incommodis
630 3147 681 3200 ista
700 3154 783 3199 crunt
798 3143 973 3209 reservanda.
1006 3147 1119 3202 Schiltu.
1137 3163 1195 3200 sus·

128 3210 237 3284 picotus
252 3219 328 3266 aratz
343 3212 450 3264 Maiora
463 3213 533 3273 csta,
550 3229 629 3281 quom
643 3229 715 3264 meuc
727 3212 924 3278 obiurgationes
950 3224 1099 3268 uerunt-
1131 3230 1195 3265 aon-

128 3277 207 3329 notia
224 3277 427 3332 „mediocria
447 3318 493 3333 ...
510 3284 606 3344 parca)
648 3276 689 3330 Ita
706 3277 870 3330 Oreticum
886 3295 920 3330 co
941 3274 968 3330 d.
985 3276 1079 3343 edita,
1096 3277 1123 3331 iu
1138 3295 1195 3348 qua

128 3341 248 3396 lectione
259 3346 261 3351 ’
272 3351 313 3395 est
329 3343 453 3416 enallage
474 3343 592 3415 generis.
626 3342 720 3416 Vulgo
736 3339 842 3396 editur:
859 3343 1019 3404 nonnullae,
1035 3343 1193 3407 niediocres,

124 3421 237 3479 parcae.
252 3436 286 3449 -
318 3408 408 3479 aliqua
430 3408 533 3463 admon.
566 3407 663 3462 Lamh.
683 3425 743 3462 cam
760 3407 850 3478 aliqua
867 3409 1061 3470 admonitione,
1086 3407 1120 3461 de
1138 3425 1194 3482 qun

128 3470 263 3526 varietate
275 3470 363 3545 Orell.
379 3484 487 3530 mouet:
505 3473 534 3528 Si
548 3491 608 3528 cnm
623 3472 737 3540 excidit,
755 3483 815 3526 erat
828 3473 920 3545 potius
933 3483 998 3546 post
1014 3492 1038 3526 v.
1053 3473 1193 3545 aliqua„-

122 3547 217 3609 propt.
233 3536 352 3615 dr‘iigent.
370 3551 439 3592 cont.
458 3541 474 3593 i.
492 3556 516 3593 e.
532 3558 587 3612 pro
609 3549 685 3595 terea
701 3537 777 3661 {uod
795 3555 838 3592 me
854 3556 909 3593 nou
926 3538 989 3593 setis
1005 3549 1115 3594 cautum
1134 3557 1193 3595 esse

126 3619 211 3676 posse
226 3611 359 3656 existimo.
374 3637 408 3650 -
441 3605 507 3657 idem
525 3618 556 3657 at
587 3609 669 3661 actas.
729 3604 774 3661 dd.
786 3605 866 3660 Rom.
880 3607 916 3659 id.
930 3617 962 3660 at
977 3616 1008 3658 tu
1014 3604 1073 3674 sac.
1109 3608 1194 3672 Pron.

126 3681 159 3722 ta
179 3667 366 3723 necessarium
389 3685 447 3724 esee
469 3669 503 3722 ud
529 3686 546 3724 o
569 3671 733 3742 positionem
756 3688 820 3725 eum
847 3667 1025 3727 antecedente
1050 3689 1141 3726 manco
1168 3685 1193 3730 ec

127 3736 235 3790 manebo
249 3732 419 3803 faciendam,
433 3733 535 3790 iudicat
547 3690 703 3812 Eeutivogl.¹

193 3821 218 3894 ᾗ.
245 3829 283 3896 ι4.
325 3825 515 3896 Hyptemenos.
548 3828 632 3898 Vulg.
656 3829 813 3896 lpdemenas.
837 3860 868 3870 -
912 3828 1066 3883 Pollicem
1092 3818 1192 3883 nomen

128 3903 310 3964 corruptum,
328 3903 427 4011 utpote
440 3892 649 3973 ncc,Greecurn
664 3909 717 3973 pec
730 3893 890 3949 Romanum.
908 3893 1017 3951 Schiitz.
1030 3913 1084 3966 pro
1105 3895 1192 3949 osuit:

126 3959 151 4024 0
166 3957 283 4014 Publicii
296 3958 342 4013 uel
379 3958 512 4022 ,Glodalr,
529 3975 650 4031 quornm
664 3959 709 4011 rlle
726 3969 843 4030 praetor
859 3975 882 4012 a.
895 3978 923 4013 n.
936 3960 987 4014 688
1003 3914 1191 4034 (progluent.

125 4024 187 4092 rs),
201 4022 246 4078 ltic
261 4034 376 4097 praetor
389 4025 471 4079 Asiae
487 4041 510 4079 a.
520 4041 546 4078 u.
559 4025 609 4096 695
629 4034 738 4096 egente
752 4023 867 4081 Servilia
884 4032 951 4098 (pro
966 4027 1058 4085 Flauo.
1071 4029 1119 4093 da,
1132 4026 1189 4092 et).

122 4120 156 4137 -ι-
173 4091 245 4162 qaod
259 4107 309 4160 ego
331 4116 364 4145 a
382 4101 500 4166 propter
519 4092 597 4164 quod
613 4107 637 4148 t.
652 4100 811 4167 propterea.
