2768 4866
180 217 206 283 8
319 219 353 279 Μ.
376 221 406 279 Τ.
428 216 612 280 CICERONIS
634 214 786 279 EPISTOL.
809 217 857 276 Al)
879 219 910 287 Q.
933 216 1099 277 FRATREM

179 400 226 466 sit
245 401 280 467 in
302 417 431 486 quoque
450 397 556 483 tides,
578 402 705 463 tantum
724 398 842 483 cuique
863 397 1078 465 committere.
1131 400 1250 485 Atque

178 508 267 572 inter
287 506 368 591 hos,
391 523 470 591 eos,
493 524 576 590 quos
596 505 656 571 tibi
678 505 814 572 comites
836 509 871 571 et
891 504 1060 570 adiutores
1081 505 1249 592 negotio-

180 635 252 680 rum
272 612 475 700 publicorum
496 611 588 677 dedit
609 612 685 698 ipsa
705 628 762 676 res
785 609 933 697 publica,
964 608 1138 676 dumtaxat
1167 609 1248 677 fini-

181 719 243 789 bus
263 719 305 784 iis
325 715 535 805 praestabis,
558 735 640 802 quos
661 720 740 782 ante
760 716 976 801 praescripsi.

23 818 84 888 IV.
106 817 159 886 12.
262 823 353 907 Quos
373 843 456 891 vero
478 827 537 888 aut
557 839 602 888 ex
624 820 816 889 domesticis
837 822 1102 890 convictionibus
1123 828 1189 891 aut
1203 845 1248 893 ex

177 930 383 998 necessariis
399 924 662 1014 apparitionibus
680 932 790 994 tecum
804 947 884 998 esse
898 929 1054 1018 voluisti,
1077 929 1132 1015 qui
1148 931 1249 1015 qnasi

78 1030 83 1037 ’
177 1054 223 1105 ex
244 1035 382 1102 cohorte
403 1035 568 1120 praetoris
590 1033 752 1121 appellari
774 1033 903 1122 solent,
925 1033 1040 1099 horum
1060 1053 1126 1099 non
1146 1035 1248 1102 modo

176 1141 289 1228 iacta,
321 1137 384 1205 scd
413 1138 513 1205 etiam
540 1137 631 1205 dicta
658 1140 767 1207 omnia
793 1139 1000 1226 praestanda
1025 1139 1124 1208 nobis
1152 1145 1246 1207 sunt.

177 1242 251 1314 Sed
271 1245 378 1311 habes
400 1263 459 1311 eos
481 1247 612 1331 tecum,
641 1265 725 1332 quos
746 1247 861 1333 possis
882 1251 977 1315 recte
997 1246 1167 1313 facientes
1190 1248 1249 1314 ia-

176 1350 242 1416 cile
264 1348 431 1435 diligere:
459 1349 568 1415 minus
589 1351 806 1419 consulentes
828 1354 1064 1421 existimationi
1084 1357 1166 1420 tuae
1188 1354 1247 1422 fa·

176 1454 300 1522 cillime
322 1459 500 1523 coerceres
532 1474 553 1521 a
575 1457 713 1547 quibus,
734 1460 828 1526 rudis
850 1479 947 1547 quum
969 1479 1086 1548 esses,
1108 1460 1248 1528 videtur

176 1562 329 1650 potuisse
349 1567 407 1631 tua
426 1562 615 1633 liberalitas
638 1563 768 1653 decipi:
796 1585 873 1633 nam
893 1569 1091 1653 utquisque
1113 1573 1170 1634 est
1193 1570 1248 1636 vir

175 1669 336 1756 optimus,
358 1670 406 1735 ita
428 1667 622 1736 diiticillime
643 1689 723 1738 esse
744 1673 829 1739 alios
846 1673 1012 1760 improbos
1031 1674 1249 1760 suspicatum

176 1796 266 1843 nunc
293 1795 375 1842 vero
404 1776 524 1841 tertius
551 1774 606 1841 bic
626 1794 735 1844 annus
757 1780 881 1846 habeat
900 1781 1134 1869 integritatem
1157 1799 1248 1850 ean-

177 1881 272 1970 dem,
293 1901 391 1970 quum
412 1882 629 1971 superiores,
652 1884 835 1950 cautiorem
856 1886 957 1953 etiam
978 1904 1019 1952 ac
1041 1885 1249 1974 diligentio-

79 1990 132 2058 13.
174 2009 256 2058 rem.
299 1988 379 2057 Sint
400 2007 502 2054 aures
523 1992 622 2076 tuae,
645 2007 731 2075 quae
754 1989 807 2079 id,
830 1991 915 2078 quod
938 1993 1096 2081 audiunt,
1118 1995 1248 2062 existi·

177 2101 310 2165 mentor
331 2093 467 2182 audire,
498 2114 566 2160 non
591 2096 626 2160 in
648 2113 731 2182 quas
752 2095 830 2162 ficte
851 2100 886 2162 ct
907 2097 1062 2163 simulate
1082 2100 1249 2184 quaesitis

179 2221 284 2271 causa
312 2203 552 2269 insusurretur.
611 2203 667 2272 sit
695 2202 815 2269 anulus
836 2207 913 2268 tuus
935 2223 1002 2269 non
1031 2207 1068 2268 ut
1089 2223 1154 2270 vas
1177 2205 1246 2272 ali-

179 2307 285 2396 quod,
307 2305 370 2373 sed
392 2310 559 2395 tamquam
579 2310 654 2395 ipse
674 2314 734 2378 tur
765 2329 832 2377 non
851 2309 1002 2377 minister
1024 2302 1158 2377 alienae
1180 2330 1246 2380 vo-

177 2469 327 2590 cinorat.1-
360 2483 494 2590 onpqtere,
509 2467 1048 2592 imp‘ifwhmifm5³¹igu³¹¹⁸f1i⁰¹ffi⁸ssd9
1064 2469 1245 2589 Jissmim'i’

177 2549 729 2676 gillililigeeiiiiirain(iiiiiiriifsiruteiiif-
762 2553 1076 2680 ioniiiis'ecuiuturoiii,
1090 2553 1245 2672 iegcactgiaei

175 2681 351 2790 quaestores.
363 2703 397 2715 -
421 2671 523 2739 finitus
533 2674 571 2752 ,rib
591 2670 689 2749 (Vulg.
701 2671 755 2736 fin.
767 2667 837 2788 br‘p,
852 2684 981 2719 mmrrum
994 2676 1128 2738 potestate
1144 2665 1193 2743 subs
1211 2675 1240 2744 te

175 2737 229 2790 rlrs
244 2752 388 2815 pernosse,
398 2738 561 2818 praqstabrs,
582 2736 616 2790 de
634 2736 747 2789 ullorum
764 2734 797 2788 of
814 2750 856 2786 cro
877 2742 904 2786 et
917 2733 1059 2787 honestate
1069 2730 1194 2801 ,cerebrm
1211 2749 1241 2784 m

176 2819 227 2857 suo
245 2801 336 2856 officio
353 2802 493 2858 retmebrs.

158 2869 171 2879 “
243 2869 294 2921 IV.
314 2866 393 2948 §.pn
427 2887 458 2947 en
478 2870 549 2948 dom,
564 2868 784 2933 concretionibus,
809 2865 990 2920 familiaribus
1007 2876 1034 2920 et
1056 2865 1164 2934 amicis,
1185 2863 1246 2937 qui·

168 2930 232 2985 bus
247 2931 407 3003 quotidiano
426 2953 453 2986 m
471 2947 599 2989 convictu
618 2936 757 2988 utebatur.
793 2934 828 2988 V.
847 2932 1083 2999 adfum.16‚m.
1121 2931 1245 2999 istorsa·

163 2999 326 3051 mulieribus
351 3010 376 3048 et
395 3001 555 3069 quotidianis
572 3000 764 3052 convictoribus
786 3040 836 3054 ...
860 2999 1005 3049 bominibus
1027 3000 1193 3051 doctissimis.
1212 3030 1245 3040 -

125 3073 128 3076 ⁴
144 3067 149 3073 ’
178 3080 210 3118 cu
225 3081 279 3118 nec.
292 3066 408 3132 apparit.
422 3062 440 3118 i.
453 3082 477 3119 e.
495 3065 641 3131 ministris,
656 3065 753 3135 quales
771 3074 835 3118 sunt
847 3064 970 3132 scribae,
984 3064 1248 3143 lictoree„acccnsi,

177 3145 332 3251 praecones
348 3140 400 3182 cet.
414 3162 447 3173 -
481 3135 560 3199 quusi
574 3150 605 3182 eu
619 3133 675 3183 colu.
687 3132 839 3199 praetoris,
865 3128 939 3182 addit
956 3132 1048 3200 quusi,
1072 3146 1137 3200 qum
1157 3131 1186 3183 iu
1205 3149 1247 3184 co-

196 3186 258 3249 orte‘
265 3198 406 3267 praetoria
424 3194 574 3249 nobiliores
589 3196 726 3261 homiues,
745 3196 821 3249 velut
837 3195 948 3248 comites
965 3196 1136 3263 consuleres,
1160 3214 1196 3267 ap
1220 3213 1248 3277 ap·

177 3264 281 3319 ritores
304 3271 396 3315 autem
420 3261 558 3316 inferioris
576 3261 679 3315 ordinis
702 3271 791 3315 erent.
812 3293 845 3304 -
878 3263 984 3323 borum,
1004 3262 1110 3333 quippe
1130 3279 1146 3314 a
1163 3214 1248 3318 nobis

178 3329 244 3402 ipsis
259 3327 482 3382 delectorum-
499 3330 574 3380 radat·
586 3346 666 3400 quum
680 3346 747 3379 esses
763 3344 800 3382 sc.
812 3327 970 3398 provinciae
985 3328 1076 3400 (quod
1091 3348 1116 3381 v.
1131 3329 1247 3386 Eroest.

179 3394 311 3450 excidisse
325 3393 472 3517 putabat),
496 3411 582 3466 quum
604 3410 703 3448 recens
724 3392 752 3446 in
774 3409 834 3446 eam
857 3393 985 3447 venisses.
1004 3426 1038 3436 -
1077 3394 1248 3459 liberalitas,

801 3462 807 3474 0

179 3459 309 3524 comitas,
338 3460 451 3516 anilitas.
467 3493 497 3502 —
524 3462 669 3512 cautiorem
683 3472 717 3515 et.
731 3478 764 3512 uc
778 3460 827 3510 doli
845 3462 977 3513 entrbrem.
990 3459 1087 3515 Lamb.
1097 3464 1248 3513 cautionem

180 3538 269 3577 uatem
285 3529 497 3596 diligentiorem
522 3536 550 3580 at
572 3543 638 3579 vero
655 3525 717 3579 lect.
736 3526 808 3597 vulg.
823 3477 982 3578 {stenditur
1001 3542 1052 3596 eo,
1076 3523 1153 3598 quod
1172 3527 1248 3581 infra

181 3596 204 3660 §.
214 3610 244 3662 ¹7
262 3591 354 3645 itidem
368 3589 471 3666 iungit:
489 3605 584 3645 cautus
602 3610 634 3643 ac
649 3592 699 3644 dili
717 3609 771 3652 cnr,
788 3600 817 3645 et
831 3592 846 3658 b
862 3590 907 3644 18:
921 3606 1066 3660 percautus
1082 3604 1107 3644 st
1121 3592 1246 3661 diligens.

246 3652 269 3722 b.
290 3657 327 3710 13.
363 3663 546 3712 existimentur
565 3659 666 3712 audire.
732 3667 796 3710 anet
817 3658 858 3710 his
877 3657 1057 3712 subobscuris
1078 3656 1170 3711 verbis
1191 3658 1249 3712 fra·

159 3728 162 3734 ’
181 3732 271 3788 trem,
302 3740 337 3775 ne
361 3741 528 3797 quemquam
547 3725 610 3778 ficta
631 3739 664 3776 ac
684 3724 810 3778 simulata
834 3724 1011 3780 insusurrare
1031 3723 1172 3804 patiatur,
1197 3723 1249 3777 sed

181 3803 276 3840 omues
292 3789 381 3858 palam
395 3800 478 3862 atque
495 3801 591 3863 aperte
609 3789 686 3872 loqui
702 3789 811 3857 iubeat,
834 3799 865 3844 ut
880 3789 957 3861 quod
974 3790 1094 3856 audivit,
1111 3787 1139 3841 id
1155 3790 1248 3844 existi.

181 3861 273 3907 rnetur
296 3853 411 3908 audisse.
433 3888 466 3900 -
510 3869 541 3910 ut
558 3873 622 3918 vus,
645 3878 663 3911 1.
684 3872 706 3909 e.
730 3856 961 3922 instrumentum,
986 3857 1119 3924 utensile,
1143 3864 1248 3919 σκεῦος.

181 3918 301 3974 Sensus:
326 3921 440 3985 anulus,
461 3939 518 3994 quo
533 3921 621 3976 edicte
635 3923 786 3994 literaeque
799 3923 821 3976 si
840 3938 903 3989 uas,
917 3938 972 3974 non
986 3931 1105 3988 temere,
1125 3931 1156 3974 ut
1171 3923 1250 3975 aliud

180 3986 402 4051 instrumentum,
416 3986 562 4043 cuiuslibet
576 3986 640 4042 fidci
654 3987 750 4043 credas
764 3999 808 4042 tra
829 4003 924 4058 asquc,
941 4003 1028 4057 quum
1044 4003 1077 4038 eo
1092 3984 1172 4040 abuti
1186 4005 1249 4058 pos-

161 4093 163 4095 >
181 4052 223 4109 sit.
233 4085 262 4095 -
285 4063 420 4125 remquam
433 4054 486 4122 ipse
501 4065 543 4114 tu.
553 4064 590 4110 ut
605 4053 639 4109 eit
653 4052 834 4111 certissimum
847 4062 911 4106 tuae
924 4051 1073 4108 voluntatis
1088 4053 1204 4125 signum.
1213 4087 1247 4103 .-
