2768 4866
431 262 494 326 tto.
514 261 546 323 ll.
586 262 639 323 ΕΡ.
659 260 729 324 xtv.
1067 256 1117 327 97

49 454 184 515 ηιιιιθα
203 444 363 513 mandata
381 442 542 531 digeras,
564 454 790 529 persequare,
812 440 981 507 coniicias.
1022 434 1136 530 nge,

50 573 150 642 quum
170 554 311 619 Romam
330 567 482 638 venero,
513 546 640 613 nubum
666 547 931 632 praetermittam
955 544 1117 615 Caesaris

52 657 282 745 tabellarium,
304 656 358 723 cui
376 655 496 721 literas
516 650 561 718 ad
583 656 618 719 te
637 669 705 720 non
726 651 812 719 dem.
853 652 918 718 His
940 652 1056 719 diebus
1075 689 1118 704 -

52 767 216 858 ignosces
236 797 278 814 -
305 763 359 830 cui
386 761 519 850 darem,
547 759 611 826 fuit
635 775 732 824 nemo
759 762 839 827 ante
864 757 953 825 hunc
979 757 1027 824 Μ.
1049 757 1118 827 (lr-

52 871 149 959 fium,
168 870 326 957 equitem
346 868 554 953 Romanum,
585 867 737 931 nostrum
764 867 801 933 et
826 865 1120 951 pernecessarium

54 981 91 1045 et
112 974 201 1063 qnod
222 978 341 1041 estex
361 971 536 1057 municipio
557 970 737 1057 Atellano,
767 970 858 1058 quod
886 973 955 1039 scis
984 971 1121 1037 esseio

55 1082 124 1151 tide
143 1084 272 1147 nostra.
327 1077 446 1165 ltaque
476 1095 550 1142 eum
581 1075 641 1142 tibi
671 1077 867 1145 commendo
899 1079 934 1144 in
961 1079 1121 1147 maiorem

55 1186 207 1275 modum,
236 1184 401 1252 hominem
427 1182 515 1248 oomi
543 1181 773 1273 splendidum,
800 1183 991 1273 gratiosum
1020 1187 1150 1257 etiam.

56 1276 156 1363 extra
176 1292 327 1360 domum:
349 1308 446 1377 quem
466 1289 522 1357 sac
542 1294 580 1355 ut
601 1293 659 1369 tna
677 1288 880 1358 liberalitate
896 1291 956 1357 tibi
974 1291 1120 1380 obliges.

56 1402 124 1468 Est
150 1399 302 1466 tribunus
324 1397 462 1463 militum
482 1396 517 1461 in
538 1395 692 1462 exercitu
713 1398 842 1462 vestro·
889 1395 1028 1472 Gratum
1055 1400 1122 1467 ho·

58 1509 180 1576 minem
195 1505 495 1589 observantemque
516 1519 720 1588 cognosces.
762 1501 956 1572 Trebatium
969 1508 1007 1570 ut
1019 1506 1123 1574 valde

59 1631 172 1701 omes,
194 1610 413 1677 vehementer
434 1613 469 1675 te
489 1625 587 1694 rogo.

144 1862 150 1874 ,
167 1819 191 1874 3.
225 1820 342 1888 degeres,
358 1811 484 1883 ordines,
500 1832 536 1870 ne
551 1812 627 1890 quod
645 1831 678 1870 ex
692 1813 824 1873 mandatio
841 1814 968 1873 elabatur
983 1828 1031 1873 aut
1046 1834 1126 1892 prae·

58 1895 245 1954 ter-mittatur3
269 1894 300 1938 ut
320 1884 438 1954 explicat
456 1885 566 1938 Eruett.
604 1884 732 1951 Digerere
748 1882 911 1954 prudentiae
928 1894 986 1950 est,
1006 1889 1129 1955 persero·

60 1952 230 2024 diligentiae,
247 1953 370 2020 eorfioere
385 1949 569 2018 constantiae,
582 1950 687 2004 Manat.
701 1980 734 1993 -
767 1949 804 2003 M.
819 1953 929 2018 Orfiam.
964 1951 1005 2007 Cs.
1020 1949 1056 2003 ad
1090 1971 1125 2008 tv.

59 2036 91 2090 7,
107 2023 139 2087 ὁ,
154 2035 177 2072 a.
195 2050 229 2062 -
261 2018 371 2086 equitem
386 2018 540 2068 Romanam.
575 2017 650 2068 llaec
664 2032 706 2067 vv.
721 2027 850 2086 suspecta
865 2016 993 2070 Ernestio
1008 2017 1042 2070 de
1058 2018 1127 2090 glos-

62 2103 108 2153 sa,
123 2102 211 2157 quum
226 2100 282 2137 uon
300 2081 420 2160 Quintus
438 2081 542 2146 solum,
566 2079 615 2133 sed
631 2097 725 2134 omnes
745 2090 812 2135 tunc
834 2083 967 2153 temporis
986 2099 1049 2137 eum
1067 2100 1127 2140 ctae

61 2150 198 2223 equestris
211 2146 314 2203 ordinis
326 2147 436 2212 adrent.
471 2150 508 2200 At
523 2146 594 2199 enim
608 2145 713 2201 aoliecta
725 2145 854 2202 videntur
866 2148 891 2202 h.
902 2166 944 2216 v.,
960 2159 992 2203 ut
1006 2149 1129 2230 designe-

62 2228 111 2270 tur
124 2217 203 2268 homo
220 2222 313 2268 certae
325 2213 404 2280 fidei,
421 2213 465 2267 cui
478 2212 594 2284 epistola
608 2209 684 2266 credi
699 2211 802 2284 possit,
817 2212 1033 2286 idque'indicant
1046 2228 1129 2270 coam

64 2296 139 2351 quac
157 2296 186 2334 se
209 2289 314 2333 uuntur
329 2297 373 2335 vv.
386 2291 542 2333 nostramet
553 2281 826 2349 pernecessariam-
842 2292 869 2331 et
884 2282 955 2351 qood
964 2292 1002 2333 est
1013 2300 1046 2333 ea
1054 2287 1130 2338 m.A.

64 2350 125 2401 Hoc
144 2357 169 2397 et
187 2296 294 2399 grenio
314 2342 421 2398 videtur
439 2344 587 2399 delendum
634 2344 760 2419 Quodsi
778 2359 794 2396 a
816 2346 951 2401 Cicerone
969 2348 1129 2419 profectum

64 2422 123 2479 cst,
139 2410 323 2465 anacoluthon
338 2408 407 2464 inest
424 2412 589 2474 sententiae,
611 2427 698 2482 quum
715 2411 769 2463 acri
791 2421 837 2464 tor
852 2409 1031 2480 adieetiounr,
1051 2411 1128 2486 qood
1233 2452 1238 2458 .

62 2496 126 2532 curn
144 2496 168 2530 v.
200 2477 403 2529 erneeetsarium
420 2477 610 2532 coniunctione
625 2489 650 2528 et
663 2477 709 2530 iun

62 2562 117 2597 esse
131 2545 158 2594 in
192 2544 222 2594 de
236 2554 325 2604 acet„
342 2539 445 2662 quibus
455 2562 497 2596 vv.
512 2545 652 2614 macrobio
661 2493 785 2596 Atellano
803 2542 985 2615 explicantur,
998 2545 1128 2599 omiserit.

62 2612 100 2665 V.
116 2610 207 2664 Illotn.
221 2606 256 2661 ad
270 2609 327 2662 cte.
368 2610 467 2673 ηεαδ,
482 2609 513 2673 3,
529 2611 556 2663 5.
574 2643 604 2652 -
638 2611 734 2663 munic.
750 2609 832 2663 Atell.
866 2611 990 2676 Atellae,
1008 2622 1085 2665 vetus
1101 2610 1130 2664 in

63 2674 213 2755 Campania
228 2672 419 2747 municipium,
433 2674 482 2727 ubi
498 2674 578 2727 bodie
592 2681 695 2727 Averso
710 2685 751 2729 ost
776 2708 808 2717 -
842 2677 935 2744 infide
949 2688 1052 2732 nostra.
1070 2679 1132 2731 Mu·

63 2741 164 2811 nicipra
179 2739 359 2810 coloniaeque
376 2743 515 2792 Romanae
538 2758 553 2792 e
570 2751 730 2793 senatorum
751 2757 867 2794 numero
885 2740 987 2814 eligere
1003 2742 1132 2796 solebant

62 2806 200 2877 aliquem,
217 2805 266 2876 qui
283 2821 393 2859 cansam
411 2821 508 2857 eorum
527 2805 554 2857 iu
573 2817 671 2857 senatu
686 2804 855 2872 defenderet,
875 2809 903 2858 ia
920 2811 996 2862 cotue
1004 2811 1061 2879 fide
1077 2827 1131 2860 erse

729 2493 763 2529 en
784 2495 830 2530 um
847 2487 918 2545 erat,
933 2489 997 2549 post
1010 2482 1081 2550 qood
1093 2496 1131 2534 aa
1204 2526 1210 2539 .

64 2870 239 2927 dicebantur.
258 2903 290 2913 -
332 2870 513 2940 splendidum,
538 2870 665 2936 divitem,
688 2882 856 2943 perpetuum
873 2874 1010 2944 equestris
1027 2872 1132 2929 ordinis
1233 2917 1235 2922 .

63 2957 79 2993 e
101 2938 211 2991 itheton.
231 2964 263 2978 -
292 2936 467 2997 lateralitute,
484 2935 593 3002 officiis,
610 2936 784 2992 humanitate.
798 2969 830 2980 -
857 2941 885 2990 ia
901 2941 1019 2994 exercito
1032 2948 1131 2996 oestro.

94 3004 176 3075 ulgo:
195 3005 223 3054 in
237 3004 354 3055 euereitu
370 3013 480 3063 nostro,
503 3000 531 3054 id
548 3001 625 3074 quod
640 3002 751 3061 Schiuta.
766 3002 834 3059 mire
848 3005 982 3076 explicat:
1007 3019 1047 3061 est
1060 3018 1132 3059 onte-

62 3073 194 3138 eigaanus
215 3069 339 3121 elebatum
358 3079 531 3130 nostrorum,
559 3066 791 3140 quemadmodum
813 3086 857 3142 ep.
880 3070 915 3123 ad
936 3074 994 3126 att.
1018 3092 1044 3139 r,
1064 3091 1093 3140 r,
1108 3088 1135 3127 a.

63 3136 181 3190 asseclas
197 3145 225 3188 et
241 3132 353 3189 clientes
368 3134 506 3203 Pompeii,
527 3134 643 3204 Pompeii
655 3153 761 3188 monam
778 3137 908 3207 appellat.
942 3136 1079 3192 Wieland.
1094 3138 1134 3190 le·

64 3201 160 3280 gioues
179 3199 293 3270 intelligi
310 3198 386 3268 vult,
411 3195 514 3272 quibus
539 3202 704 3272 Pompeius,
733 3219 844 3272 praeses
862 3204 1020 3275 provinciae
1038 3203 1133 3275 Hispa·

65 3283 144 3334 ntae,
161 3275 301 3337 praeerat.
