2768 4866
195 230 246 300 Vl
548 238 899 300 PRAEFATIO.
1024 250 1029 259 '

195 453 383 526 instructis
397 457 510 548 atque
524 454 577 526 rei
592 449 840 529 scholasticae
854 457 982 552 peritis
995 455 1142 552 publice
1159 476 1266 530 com-

194 571 370 671 probato,
395 572 513 647 secuti
538 593 671 646 sumus.

279 691 504 769 Contentum
532 693 730 771 secundum
760 699 954 795 optimam,
987 706 1265 796 praesumat,

198 818 330 894 orella
342 820 595 894 recensionem
611 819 713 916 typis
730 815 874 911 quidem
892 817 1177 895 exscribendum
1196 843 1266 895 cu-

194 947 374 1036 ravimus3
396 965 526 1018 verum
539 940 658 1016 sicubi
673 946 801 1015 nostra
819 940 929 1016 aliter
945 941 1092 1018 ferebat
1110 949 1267 1017 seuten-

194 1069 266 1152 tia,
286 1064 323 1140 id
343 1065 468 1171 allatis
485 1063 592 1139 111111
607 1063 778 1156 aliorum,
800 1067 854 1138 uti
868 1063 1053 1156 Maeotii,
1071 1066 1264 1156 Ernestii,

194 1189 384 1278 &amsa
408 1186 660 1278 1111111111πὶ,
684 1186 924 1289 Badioopb‘i,
952 1213 1102 1289 quorum
1124 1190 1266 1266 editio-

193 1336 261 1388 nes
285 1320 437 1412 praesto
459 1311 569 1388 uobis
595 1317 721 1404 eraut,
746 1315 968 1388 coniecturis
990 1314 1266 1390 emendationi-

194 1435 335 1534 busque
362 1443 538 1512 accurate
557 1438 593 1509 in
619 1433 858 1512 adnotatione
881 1440 1088 1516 monuimus.
1139 1439 1183 1512 ln
1204 1441 1265 1513 iu-

194 1558 352 1635 dicanda
378 1560 577 1635 lectionum
600 1563 805 1653 varietate,
835 1583 917 1656 -qua
941 1556 1184 1633 diiudicanda·
1204 1563 1265 1633 in-

193 1686 293 1782 genii
309 1686 413 1759 vires
432 1707 513 1760 cum
532 1686 687 1758 maxime
703 1684 877 1759 exerceri
893 1682 1170 1781 confirmarique
1191 1683 1264 1761 de·

192 1815 274 1899 cet,
301 1830 348 1882 ne
368 1807 530 1884 lectores
553 1810 710 1883 iuvenes
727 1806 838 1878 nimia
855 1804 954 1880 mole
974 1805 1176 1881 obruantur
1197 1813 1265 1882 aut

193 1950 218 2003 a
245 1930 373 2003 critica
398 1926 614 2005 exercenda
636 1928 747 2027 plane
772 1926 1067 2015 absterreantur,
1093 1933 1145 2004 ita
1170 1953 1264 2005 ver·

193 2056 265 2129 sati
284 2076 428 2146 sumus,
454 2058 586 2126 utnon
605 2073 751 2144 omnes,
769 2050 839 2127 sed
853 2055 1020 2151 potiores
1041 2060 1179 2128 tautum
1199 2078 1263 2132 re-

194 2179 418 2277 ciperemus,
445 2197 611 2275 quaeque
630 2197 683 2250 ex
702 2173 806 2250 hisce
829 2181 960 2249 nostro
979 2175 1116 2251 iudicio
1137 2181 1262 2253 veris-

194 2301 307 2376 simae
326 2298 565 2396 viderentur,
590 2303 719 2401 paucis
739 2298 951 2399 plerumque
969 2297 1119 2392 verbis,
1146 2304 1263 2378 iuter-

194 2420 276 2497 dum
296 2420 452 2497 adiectis
473 2416 582 2499 etiam
597 2420 795 2529 rationibus
814 2421 1106 2498 observaremus.
1131 2422 1261 2500 Locos

194 2544 326 2622 dubios
356 2549 602 2644 corruptosve
629 2549 682 2620 ita
708 2542 852 2643 quidem
882 2543 974 2620 dare
1002 2545 1161 2645 placuit,
1206 2552 1261 2622 uti

103 2730 106 2737 .
194 2666 293 2768 apud
320 2667 501 2743 Orelliam
523 2668 715 2765 leguntur,
762 2692 834 2767 quo
857 2692 986 2745 veram
1011 2670 1173 2746 fortasse
1209 2694 1262 2746 ex

193 2793 267 2866 illis
296 2792 469 2869 eliciendi
499 2793 696 2869 lectionem
723 2791 844 2868 hosve
873 2792 1030 2867 sanandi
1059 2792 1261 2893 periculum

193 2915 347 2992 facturis
363 2923 502 2992 certum
521 2915 618 2991 haud
637 2915 787 2992 deesset
804 2915 1094 3009 fundamentum
1110 2936 1258 2990 verum-

193 3046 313 3115 tamen
336 3062 385 3116 ue
405 3061 474 3114 suo
495 3038 621 3116 Marte
644 3039 814 3139 legentes
842 3064 888 3116 ea
912 3063 955 3119 re
976 3035 1256 3133 impedirentur,

192 3167 230 3238 iu
250 3167 511 3240 commentario
541 3163 647 3238 simul
671 3166 931 3266 exposuimus,
971 3183 1142 3260 quasnam
1165 3159 1257 3252 viri,

195 3273 345 3386 quorum
365 3285 587 3365 editionibus
608 3290 665 3364 usi
688 3313 829 3383 sumus,
853 3287 989 3386 aliique
1010 3281 1061 3359 ad
1080 3283 1259 3357 orationis

193 3433 327 3487 nexum
364 3413 686 3511 integritatemque
722 3409 987 3490 restituendam
1027 3406 1261 3485 adhibuerint

194 3533 369 3610 medelas.

268 3656 378 3747 Quod
401 3657 569 3763 adhunc
589 3661 726 3756 ipsam,
753 3682 858 3757 quem
883 3657 1131 3747 confecimus,
1158 3675 1259 3747 eom-

193 3781 404 3855 mentarium
423 3785 573 3874 attinet,
587 3777 626 3854 id
643 3784 798 3858 maxime
818 3785 936 3858 secuti
957 3804 1101 3872 sumus,
1122 3782 1260 3850 11111-

194 3923 261 3976 nes
289 3900 545 3996 difficultates,
582 3901 713 4001 quibus
743 3908 901 3979 iuniores
933 3903 1135 3977 conflictari
1168 3919 1261 3971 con-

150 4037 155 4048 '
194 4032 284 4122 stat,
301 4022 546 4132 expediantur
558 4019 679 4126 eaque
691 4024 1064 4122 saltemindiceutur,
1083 4021 1180 4117 uude
1192 4045 1260 4094 sua
