2768 4866
195 230 245 302 8⁰
338 238 373 300 tt
395 238 426 300 Τ.
447 236 630 302 citatoriis
653 238 804 304 tetstot.
824 243 873 305 AD
894 245 926 318 0.
947 246 1119 312 FRATREM

193 424 291 490 cilius
324 425 387 492 hoc
421 424 543 491 nemini
576 424 755 493 accidisse.
811 426 909 494 Foris
944 426 1046 498 valde
1080 430 1266 518 plauditur.

122 531 123 535 ’
192 527 275 594 timi
296 548 393 615 qaum
414 547 477 595 sua
497 532 620 617 sponte
641 530 837 621 iucundum,
859 538 929 600 mm
949 536 1155 626 iucundius,
1179 538 1265 624 quod

192 651 246 698 me
264 632 405 699 absente
427 628 506 724 [est
527 635 614 700 enim
637 636 806 718 εἱλικρινὲς
827 637 1008 726 iudicium]
1030 641 1108 709 sine
1126 661 1263 729 oppug-

117 747 151 816 2,
191 739 348 827 natione,
369 740 444 806 sine
464 744 578 828 gratia
599 747 728 809 nostra.
764 744 868 811 Eram
884 748 989 813 Antii.
1032 745 1129 830 Quod
1145 748 1262 831 Idibus

192 850 228 912 et
247 844 409 931 postridie
430 846 541 912 fuerat
562 845 687 913 dietum
711 845 753 913 de
775 868 862 937 agro
881 849 1052 938 Campano
1069 856 1186 918 aetum
1206 853 1260 939 iri,

191 955 336 1017 nonest
357 956 476 1018 aetum.
526 952 566 1017 In
588 953 651 1018 hae
680 972 785 1020 caiisa
806 954 885 1021 mihi
905 975 991 1042 aqua
1012 958 1143 1024 haeret.
1189 959 1259 1028 Sed

190 1058 288 1146 plara
310 1077 408 1145 quam
430 1060 692 1126 constitueram:
720 1077 831 1153 eoram
854 1060 953 1126 enim.
995 1061 1105 1148 Vale,
1129 1065 1175 1129 mi
1198 1082 1260 1152 op-

189 1166 270 1231 time
291 1169 328 1230 et
349 1166 557 1251 optatissime
577 1166 704 1255 frater,
733 1169 768 1232 et
796 1165 931 1233 advola.
984 1166 1078 1234 Idem
1107 1175 1142 1235 te
1164 1172 1259 1258 pueri

188 1270 297 1336 nostri
317 1273 462 1356 rogante
483 1267 565 1336 illud
586 1271 734 1359 seilicet,
756 1273 935 1360 coenabis,
958 1293 1057 1360 quum
1077 1280 1231 1344 veneris.

188 1475 220 1539 4,
236 1472 281 1540 ιό,
294 1474 319 1538 4.
345 1474 390 1537 tt),
402 1473 428 1527 ὅ.
452 1473 517 1526 Fuit
534 1484 667 1545 quaestor
684 1489 706 1526 a.
721 1491 747 1527 u.
764 1472 830 1543 693,
848 1473 978 1528 tribunus
1001 1477 1043 1547 pl.
1059 1477 1120 1548 696.
1144 1512 1180 1524 -
1213 1481 1257 1533 doe

188 1556 254 1592 nem,
274 1540 406 1592 arctante.
442 1539 561 1593 Senatus
579 1539 650 1592 enim
669 1539 728 1593 aliis
744 1539 973 1621 suppllrationem
990 1557 1024 1594 eo
1043 1541 1178 1600 libentius
1197 1557 1256 1598 eon·

115 1640 119 1647 ·
189 1603 285 1670 cessit,
302 1605 367 1676 quia
380 1605 418 1658 sio
431 1604 550 1660 tribunis
565 1605 643 1659 multi
657 1602 722 1673 dies,
736 1605 838 1677 quibus
853 1606 956 1678 alioqui
972 1623 1034 1661 eum
1050 1611 1160 1682 populo
1177 1629 1192 1664 a
1212 1626 1256 1665 ere

188 1681 315 1750 possent,
314 1671 533 1790 padimebantur.
566 1677 659 1744 Atque
680 1672 842 1790 eol-turpior
859 1673 927 1792 halec
946 1670 1089 1790 ‹lipndegatio
1107 1675 1163 1753 fnit
1186 1676 1256 1798 ‘⁸¹8sp

186 1753 290 1882 iiiiii.
309 1746 917 1882 ..t'.²⁸t.‘.¹t¹³sttt⁸‘.·ttatf?ittet}
928 1752 1256 1886 ²}.1i..².²ii.,⁶⁸.¹ii{i¹ssu.i}

187 1879 339 1942 integrum,
357 1888 411 1923 non
423 1879 527 1950 gratiae
541 1885 618 1922 meae
630 1869 774 1923 tributum.
806 1869 848 1923 Cf.
861 1870 927 1924 Era.
942 1868 996 1925 ond.
1013 1876 1189 1944 graeco-lat.
1202 1892 1222 1930 t.
1232 1894 1255 1927 r.

186 1963 218 1976 -·
235 1939 290 1988 rrae
303 1953 417 2006 oppuga.
433 1957 449 1990 1.
463 1951 486 1988 e.
503 1935 611 1989 nemine
623 1946 810 2007 repugnante,
824 1935 996 2007 impediente.
1009 1970 1043 1982 -
1075 1940 1163 1992 Eram
1175 1936 1255 1997 Antii.

185 2000 249 2054 Non
263 2002 346 2075 igitur
362 2000 451 2074 pridie
465 2002 537 2054 Non.
551 2001 631 2068 Mai,
653 2001 730 2072 quod
745 2004 912 2074 cogitaverat
931 2012 970 2071 (v.
984 2018 1071 2074 supra
1086 2013 1187 2077 op.7)‚
1205 2008 1254 2060 lio·

186 2083 258 2120 mam
282 2066 411 2124 redierat.
454 2066 623 2139 Bentivogi,
649 2067 697 2138 qni
719 2068 744 2121 h.
759 2087 783 2119 v.
805 2084 870 2120 sana
887 2086 942 2123 non
966 2078 1062 2141 putat,
1089 2072 1254 2142 praetulerit

186 2147 250 2185 eum
282 2132 450 2186 variantibus
470 2131 558 2186 Alinis
587 2143 647 2183 erut
672 2145 779 2195 aetum,
807 2135 1001 2212 superioribus
1024 2134 1150 2191 additum
1172 2139 1254 2193 inter·
1282 2151 1284 2154 ·

205 2197 334 2252 unctione
354 2198 492 2257 sublata..
513 2197 686 2273 Quamquam
708 2197 743 2251 ad
762 2216 906 2270 superiora
923 2202 1040 2257 verbum
1059 2204 1193 2276 suppleri
1211 2204 1254 2259 de·

185 2218 248 2333 tet,
263 2272 356 2318 tamen
374 2264 445 2337 vulg.
459 2264 604 2319 lectionem
622 2263 695 2318 haud
710 2265 881 2322 mutaverim.

252 2362 277 2438 p.
294 2373 317 2410 a.
371 2358 479 2410 ostrrdie
493 2353 577 2422 idus,
593 2367 693 2428 utpote
706 2355 749 2411 die
763 2366 843 2424 atro,
859 2356 926 2412 alias
941 2367 1067 2413 senatum
1079 2345 1186 2416 'baberi
1199 2381 1251 2420 oon

206 2432 309 2478 otursse
360 2422 468 2476 anutius
482 2421 517 2475 ad
531 2423 558 2476 h.
572 2423 590 2475 l.
605 2434 706 2476 monet.
719 2456 749 2466 -
786 2424 816 2474 de
832 2441 901 2491 agro
915 2424 1004 2493 camp.
1021 2437 1074 2480 aet.
1091 2428 1147 2490 r'rr',
1171 2445 1202 2482 ex
1218 2445 1249 2482 eo

184 2441 271 2558 gete,
288 2486 443 2561 quodNon.
456 2492 524 2561 tpr.
539 2505 571 2541 ex
584 2488 723 2543 Ciceronis
735 2491 868 2542 sententia
882 2488 986 2543 fartum
1000 2500 1076 2557 erat,
1091 2501 1124 2546 ut
1140 2492 1175 2548 de
1185 2507 1248 2566 agro

185 2557 326 2628 Campano
339 2555 479 2627 frequenti
492 2564 591 2608 senatu
602 2553 697 2608 idibus
709 2555 787 2610 Maiis
802 2554 967 2615 referretur.
981 2558 1018 2612 V.
1031 2556 1067 2610 ad
1085 2557 1141 2614 div.
1159 2558 1243 2630 1‚9‚8.

182 2619 300 2677 Abelren
316 2623 334 2676 l.
349 2638 374 2674 e.
395 2644 419 2692 p.
437 2623 492 2677 150.
508 2653 542 2665 -
576 2621 752 2691 oportuerat
769 2620 783 2673 i.
801 2638 816 2674 e
844 2617 935 2675 neseio
953 2636 1011 2693 quo
1027 2637 1072 2675 me
1090 2621 1164 2693 dem,
1179 2619 1240 2696 quid

129 2725 133 2736 ·
183 2688 331 2744 tententiae
348 2686 451 2754 dicam,
467 2683 597 2756 expedire
612 2703 656 2738 me
672 2700 791 2756 nequeo.
823 2687 1008 2741 Proverbialis
1024 2684 1151 2758 locutio,
1166 2707 1243 2762 qnam

183 2770 200 2808 a
212 2752 378 2836 clepsydris,
396 2751 539 2826 inquibus
553 2769 609 2805 non
623 2768 679 2804 sem
702 2769 733 2805 or
747 2751 852 2807 fluebat
863 2768 954 2835 aqua,
971 2751 1018 2807 sed
1033 2754 1177 2810 interdum
1191 2756 1247 2810 bae·

182 2819 264 2877 rebat
284 2819 445 2886 immobilis,
469 2816 579 2872 ductam
602 2834 661 2872 esse
712 2818 821 2874 anutius
843 2817 917 2874 dicit.
955 2820 991 2876 V.
1015 2817 1049 2875 de
1068 2822 1146 2877 offic.
1162 2821 1194 2889 d,
1210 2817 1247 2881 tt.

183 2886 283 2941 Cicero
298 2885 421 2942 incertus
437 2895 513 2952 erat,
530 2895 640 2950 utrum,
658 2882 734 2956 quod
753 2883 926 2966 erepublica
942 2894 1017 2952 erat,
1041 2887 1101 2960 agri
1119 2883 1249 2960 Campani

182 2951 363 3006 venditionem
382 2951 533 3023 probaret,
556 2967 591 3005 an
609 2951 739 3023 Pompeio
756 2952 974 3024 gratificaretur,
996 2968 1045 3024 qttt
1066 2951 1154 3008 diuidi
1179 2954 1250 3009 huno

182 3033 280 3091 agrum
296 3018 433 3072 veteranis
451 3017 509 3071 suis
525 3016 666 3070 voluisset.
700 3016 744 3070 ef.
761 3015 795 3070 ad
810 3015 863 3073 div.
885 3036 913 3086 ι,
927 3036 958 3089 9,
976 3035 1014 3072 ro.
1033 3049 1065 3060 -
1104 3019 1193 3088 plura
1215 3038 1249 3077 se.

181 3083 288 3156 eoripsi.
302 3117 336 3128 -
369 3101 459 3136 eoram
473 3085 540 3135 enim
557 3084 610 3137 ie.
629 3081 763 3148 praesenti
777 3099 903 3137 sermone
918 3083 959 3136 his
975 3081 1008 3136 de
1023 3082 1111 3137 rebus
1126 3101 1248 3158 agemus.

181 3182 213 3194 -
226 3151 310 3221 pueri
322 3153 420 3211 nostri,
435 3148 554 3226 Quintus
571 3159 598 3202 et
611 3150 725 3202 Marcus
740 3147 820 3203 fitius.
834 3177 866 3191 -
899 3150 1172 3222 r'lludser‘lr'oet.1ens.
1189 3154 1249 3206 r'llue

181 3234 238 3281 σω
254 3216 354 3271 scateret
370 3216 455 3269 valeta
472 3215 541 3270 scias
556 3214 600 3268 rel
613 3232 645 3267 co
665 3230 762 3267 noscas
776 3212 853 3280 licet,
869 3225 899 3269 ut
912 3215 946 3268 ab
963 3217 988 3271 h.
1001 3234 1025 3268 v.
1042 3225 1159 3288 regatur
1176 3219 1249 3271 r'llod

180 3298 206 3338 r.
222 3283 348 3336 Gronov.
367 3281 496 3338 observo.
510 3283 544 3346 3,
560 3299 584 3353 9.
605 3302 630 3351 p.
695 3317 701 3333 .
736 3281 813 3334 Cort.
831 3279 865 3334 ad
883 3281 995 3336 Sallust.
1015 3281 1072 3353 lug.
1092 3282 1193 3351 uas
1219 3315 1248 3327 -

181 3350 312 3411 comata,
329 3367 409 3420 quum
423 3349 524 3400 venero
540 3349 557 3402 i.
572 3364 596 3400 e.
611 3363 696 3412 coena
712 3343 871 3400 adventoria
886 3347 936 3402 tibi
951 3347 1071 3402 debitur.
1100 3347 1145 3405 Cf.
1167 3349 1248 3404 etiam

180 3413 286 3470 Manat.
300 3415 334 3470 ad
349 3415 374 3470 h.
387 3416 404 3470 l.
423 3416 511 3471 Plaut.
525 3413 611 3468 Stich.
633 3414 685 3480 tv,
703 3432 731 3481 ι,
749 3413 775 3470 6.
