2768 4866
152 261 205 332 68
290 265 329 326 bl.
348 263 380 325 T.
400 254 584 324 ClOEliONlS
604 261 757 322 aristot.
778 259 826 320 no
849 259 885 330 Ο.
902 258 1081 321 FRATREM

71 444 108 515 a
147 447 192 512 Δ.
207 443 239 511 d.
253 443 317 509 ΠΙ.
331 442 382 509 16.
397 441 497 508 Febr.
511 440 582 507 dixi
594 458 656 526 pro
675 438 794 505 Bestia
809 438 851 503 de
864 437 991 504 ambitu
1008 438 1105 524 apud
1124 457 1218 526 prae·

152 557 257 618 torem
276 548 338 617 Cn.
352 549 548 634 Domitium,
569 549 605 613 in
624 546 698 612 soro
717 543 846 632 medio,
866 545 1013 609 maximo
1029 550 1218 611 conventus

150 656 319 744 incidique
339 659 372 724 in
394 674 468 722 eum
482 656 591 721 locum
603 656 638 719 in
653 649 815 737 dicendo,
836 667 936 735 quum
950 649 1118 735 Sestius,
1140 652 1219 716 mol-

151 762 198 827 tis
219 762 253 827 in
273 760 395 849 templo
409 759 566 828 Castoris
578 757 773 825 vulneribus
787 758 955 845 acceptis,
976 757 1141 824 subsidio
1156 759 1219 824 Be·

152 871 238 936 stiae
264 871 425 936 Servatus
453 871 557 931 esset.
614 864 680 930 Hic
708 867 1033 948 προῳκονομησάμην
1064 867 1220 954 'quiddam
1257 908 1260 947 p

153 973 307 1057 εὐκαίρως
332 974 374 1039 de
395 975 456 1059 iis,
478 990 563 1057 quae
580 971 616 1036 in
633 969 782 1039 Sestium
799 971 1053 1058 apparabantur
1072 975 1218 1060 erimina,
1258 1010 1260 1021 ·

152 1090 188 1150 et
208 1102 283 1151 eum
303 1081 420 1147 ornavi
440 1081 533 1146 veris
555 1077 730 1162 laudibus,
752 1097 878 1164 magno
898 1096 1050 1144 assensu
1067 1081 1219 1145 omnium.

152 1192 223 1260 iles
244 1189 369 1255 nomini
389 1187 452 1252 luit
471 1185 689 1252 vehementer
709 1188 820 1274 grata.
863 1183 957 1266 Quae
981 1185 1046 1252 tibi
1067 1204 1114 1251 eo
1138 1187 1218 1253 scri·

152 1297 214 1384 bo,
244 1294 332 1381 qnod
359 1312 412 1360 me
440 1293 483 1360 de
509 1291 689 1358 retinenda
716 1290 825 1358 Sestii
845 1292 961 1380 gratia
980 1291 1101 1360 literis
1124 1312 1217 1381 saepe

79 1409 114 1476 7.
154 1402 323 1468 monuisti.
362 1400 477 1468 Pridie
492 1399 542 1465 ld.
559 1397 660 1464 l'ebr.
682 1397 767 1464 haee
787 1399 910 1485 scripsi
927 1402 1009 1465 ante
1029 1400 1164 1466 lucem:
1184 1418 1216 1466 eo

154 1507 209 1574 die
229 1506 318 1595 apud
338 1507 555 1593 Pomponium
583 1505 618 1569 in
645 1503 718 1568 eius
740 1503 865 1589 nuptiis
886 1519 978 1568 eram
1000 1511 1215 1572 coenaturus

153 1612 279 1682 Cetera
299 1616 429 1681 suntin
447 1614 548 1680 rebus
567 1612 694 1678 nostris
712 1608 919 1694 huiusmodi,
940 1612 978 1673 ut
993 1612 1034 1674 tu
1054 1612 1139 1677 milri
1156 1613 1215 1678 fere

155 1718 317 1786 diffidenti
331 1717 573 1806 praedicabas,
599 1716 701 1804 plena
715 1715 893 1803 dignitatis
907 1722 942 1781 et
955 1718 1121 1807 gratiae3
1144 1735 1215 1806 qnae

154 1824 285 1912 quidem
304 1831 381 1912 tua,
410 1825 453 1890 mi
474 1824 601 1911 frater,
633 1821 835 1910 prudentia,
863 1822 1049 1913 patientia,
1080 1825 1213 1908 virtute,

153 1934 300 2020 pietate,
330 1932 501 2021 suavitate
530 1932 652 2010 etiam,
684 1929 742 1993 tibi
771 1928 914 2014 miliique
942 1933 1025 1993 sunt
1054 1933 1211 1997 restituta.

154 2038 282 2104 Domus
309 2034 369 2101 tibi
397 2033 441 2101 ad
470 2034 581 2100 lucum
605 2033 741 2100 Pisonis
762 2031 938 2099 Liciniana
965 2035 1143 2103 conducta
1164 2040 1209 2104 est

67 2152 80 2173 Χ
156 2141 248 2231 Sed,
269 2146 306 2207 nt
326 2159 446 2230 spero,
467 2142 585 2229 paucis
606 2135 797 2221 mensibus,
818 2139 896 2223 post
912 2135 1096 2206 Kalendas
1115 2140 1214 2226 Quint

152 2251 192 2316 in
212 2255 302 2316 tuam
323 2246 571 2335 commigrabis.
612 2245 717 2314 Tuam
739 2248 773 2314 in
793 2245 927 2314 Carinis
948 2247 1066 2315 mundi
1090 2251 1214 2317 habita-

223 2479 247 2540 ς.
266 2475 291 2528 6.
321 2474 353 2528 1..
372 2472 523 2546 Calpurnio
540 2473 650 2536 Bestia,
676 2470 794 2526 ambitus
811 2488 861 2525 reo
879 2470 916 2526 ob
933 2479 1035 2527 emtam
1055 2487 1214 2549 praeturam.

158 2559 185 2597 v.
202 2527 320 2612 Philipp.
335 2557 379 2607 aa,
393 2541 418 2593 8.
437 2558 483 2609 11,
495 2540 519 2594 ὅ.
552 2539 655 2593 Aedilis
672 2538 761 2619 plebis
779 2537 871 2617 fuerat
885 2554 909 2594 a.
924 2557 950 2592 u.
965 2538 1025 2611 696.
1062 2562 1091 2598 v,
1107 2539 1212 2611 Philipp.

161 2608 191 2661 ιδ
220 2624 259 2663 ιι.
278 2605 520 2678 procaeita-
554 2605 758 2659 Callomztium
771 2605 922 2672 Calvinum,
938 2621 987 2683 qur
1005 2605 1061 2660 hoe
1079 2612 1211 2682 ipsoanoo

158 2673 494 2813 euasurus.
537 2671 795 2816 caecutiunt.
809 2674 1017 2815 autur
1030 2674 1153 2794 aaut
1167 2689 1217 2794 a

157 2818 255 2886 opatu,
272 2820 412 2857 concursu
427 2804 510 2885 totius
528 2812 661 2883 civitatis2
681 2813 721 2858 uti
736 2813 808 2856 auct.
826 2801 924 2873 dialog.
943 2799 978 2854 de
995 2817 1083 2860 oratt.
1102 2826 1130 2862 c.
1144 2809 1175 2930 33
1189 2804 1218 2858 di·

158 2866 1216 3015 fil·.t.;..ttlt;,.“tt;tf²ttilli'iltrml'rtl.{ttldstidltlrai

160 3010 335 3082 opportune,
356 3010 425 3079 apto
441 3000 522 3067 loco,
544 3015 617 3071 quae
632 3018 660 3052 m
677 2998 778 3079 ludicro
796 2999 875 3054 Sestu
898 3001 1073 3082 prodessent.
1090 3037 1129 3048 -
1162 3006 1218 3059 aeri

158 3067 281 3190 {palmites
288 3104 299 3129 ,
315 3082 423 3140 quippe
436 3075 464 3120 et
477 3075 609 3138 quaestor
627 3076 655 3120 et
669 3065 798 3120 tribunus
815 3067 853 3138 pl.
871 3066 993 3137 reipubl.
1008 3069 1220 3126 studiosissimos

227 3233 251 3309 ᾗ.
277 3246 302 3298 7.
341 3227 415 3305 apud
433 3225 603 3295 Pomponium
625 3229 652 3277 in
671 3227 726 3277 eius
745 3229 852 3295 nuptia.
893 3224 999 3278 Atticus
1018 3226 1220 3303 quinquagena·

160 3296 219 3350 rius
236 3313 264 3349 ιιι
279 3292 480 3347 matrimonium
496 3291 573 3345 duxit
589 3291 699 3358 Piliam,
723 3307 756 3344 ex
774 3308 829 3362 qua
847 3291 967 3361 suscepit
982 3293 1051 3344 Pom
1074 3297 1169 3350 oniam
1182 3299 1221 3350 at·

160 3363 240 3417 ticam
264 3377 285 3415 s.
302 3358 464 3437 Caeciliam,
486 3373 559 3430 quae
581 3367 646 3430 post
666 3372 786 3429 pugnam
807 3357 1010 3478 Philippensem
1066 3401 1071 3408 .
1093 3361 1220 3434 Vipsanio

161 3424 403 3500 Agrippaeduxrt.
436 3444 460 3478 r.
483 3423 516 3475 ad
534 3426 721 3490 Att.d,lp,a.
747 3424 778 3487 6,
795 3439 816 3474 e.
834 3425 857 3489 4.
918 3440 977 3476 orn.
993 3423 1067 3495 Nep.
1085 3427 1126 3478 vit
1151 3425 1222 3482 arur.

164 3510 202 3546 aa.
217 3525 250 3537 -
280 3493 375 3562 paucis
389 3492 518 3542 mensulas
528 3500 590 3559 post
606 3489 736 3567 dolendas
750 3490 841 3552 Quint.
858 3489 875 3541 i.
891 3505 913 3544 e.
931 3488 1087 3568 interprete
1103 3493 1221 3546 Orellio:

163 3573 290 3628 spaucos
312 3557 383 3637 iutra
400 3572 530 3622 mensos,
555 3565 650 3634 statim·
673 3562 736 3650 pout
761 3552 899 3633 Ralendas
927 3555 1094 3671 Qburntrles.a
1146 3556 1222 3638 Addit

163 3622 537 3768 ililluaffili⁹ii¹uiiili
552 3624 1223 3766 inaltat:ttf‘ttrlz'cctttam

163 3755 217 3808 hoc
233 3755 384 3827 significatu
397 3752 450 3807 dici
464 3754 557 3823 pauori
574 3751 702 3803 mensibus
709 3788 720 3813 ,
737 3761 769 3804 ut
783 3749 802 3802 l.
818 3753 840 3805 3.
859 3766 902 3823 ep.
920 3770 947 3816 ι,
972 3768 1028 3804 non
1046 3758 1147 3821 pauceio
1163 3771 1224 3808 mett·

163 3821 235 3872 arbua
248 3833 316 3890 port.
358 3822 489 3874 Ceterum
507 3815 647 3871 Ralendae
666 3816 802 3894 Quintiles
822 3828 902 3872 eraut
919 3815 1053 3872 terminus
1072 3819 1224 3875 locatarum

166 3884 283 3939 aedium.
302 3889 339 3942 V.
349 3887 426 3940 Suet.
439 3884 500 3939 Tib.
512 3883 545 3938 35
560 3893 629 3937 extr.
647 3882 767 3938 Martini.
780 3882 866 3956 epigr.
876 3900 916 3949 ra,
930 3884 972 3950 da,
988 3901 1027 3938 ιι.
1040 3916 1073 3927 -
1099 3888 1129 3938 in
1143 3899 1225 3947 tum,

188 3969 237 4005 uae
255 3968 325 4030 pora
343 3950 546 4030 aedificabatur.
581 3969 605 4003 v.
622 3965 707 4029 supra
725 3966 757 4016 a,
770 3965 801 4015 ι,
815 3965 839 4001 ι.
862 3958 890 4003 et
913 3965 928 4000 e
950 3965 1007 4028 .se·
1023 3952 1072 4018 .§.
1088 3968 1113 4005 a.
1130 3985 1167 3997 --
1198 3955 1224 4002 ia

164 3969 441 4138 {orateur
462 4015 675 4136 ultum:
693 4025 775 4134 ιιι.
791 4025 908 4135 uta
923 4016 1226 4140 ..zuiualat

434 4119 443 4149 t
1132 4103 1149 4140 θ
1180 4102 1200 4158 P
