2768 4866
190 266 240 335 6⁰
328 270 364 330 lt
386 267 416 328 T.
438 255 620 328 CICERONIS
642 263 795 326 nalstot.
815 265 863 325 AD
885 264 917 337 Q.
937 263 1114 326 FRATREM

550 631 820 712 aplsuohn
843 631 893 706 11.

238 792 346 869 Scripta
365 791 468 852 Romae
488 790 556 851 xlv.
578 790 635 850 llal.
656 791 738 851 Lahr.
758 789 790 846 Α.
811 788 842 848 U.
865 786 894 847 C.
917 784 976 846 698
998 789 1038 859 (a.
1060 783 1128 845 chr.
1154 787 1217 859 56)

324 889 372 950 Cn.
393 888 508 949 Lentulo
529 888 703 964 Marcellino,
723 887 752 947 L.
774 887 876 947 Marcio
898 885 1021 963 Philippo
1043 883 1125 945 Coss.

191 1034 401 1100 Arprrnaentnm.
435 1027 556 1079 Excusat
572 1021 717 1097 epistolam
739 1041 795 1079 non
811 1039 861 1078 aua
877 1039 961 1076 manu
977 1020 1130 1093 scriptam,
1160 1023 1262 1075 rarius·

259 1126 315 1182 quc
327 1108 422 1162 literas
436 1108 470 1160 ad
485 1105 602 1162 fratrem
616 1104 710 1175 datas3
726 1103 762 1158 da
775 1103 887 1159 Lentuli
905 1113 933 1158 et
946 1102 1018 1158 Sesti
1032 1102 1197 1158 nominihus
1212 1103 1260 1156 eri-

257 1189 365 1263 gendis,
383 1198 411 1243 et
424 1188 617 1262 Pomponianis
632 1187 695 1242 inde
710 1183 904 1253 dissolvendis3
925 1184 960 1257 da
972 1183 1119 1238 Culleonis
1132 1185 1259 1239 auctione

258 1291 270 1324 r
279 1290 288 1339 3
312 1267 346 1324 de
361 1269 456 1325 fratris
473 1269 674 1338 aedificatione,
697 1278 726 1323 et
739 1268 861 1323 furiosae
880 1265 970 1323 Clodii
986 1263 1134 1323 aedilitatis
1149 1283 1258 1339 exspec-

256 1351 359 1406 tatione
373 1369 408 1421 23
431 1351 465 1406 de
480 1368 562 1406 caasa
579 1349 731 1407 Ptolemaei
746 1352 819 1424 regis
836 1349 863 1403 in
878 1354 1037 1421 Aegyptum
1054 1345 1214 1403 reducendi
1228 1349 1258 1416 35

258 1430 377 1505 denique
389 1434 524 1502 fratrem,
541 1443 672 1506 utquam
689 1436 810 1506 primurn
830 1449 846 1487 e
864 1429 991 1488 Sardinia
1007 1430 1122 1499 redeat,
1140 1442 1223 1506 rogat
1236 1438 1258 1499 4.

462 1581 656 1651 nnncus
677 1581 717 1664 e.
738 1580 914 1648 uanum
933 1578 973 1649 s.
1001 1656 1006 1665 ,

271 1705 350 1773 Non
377 1707 617 1795 occupatione,
645 1723 712 1792 qua
739 1707 831 1772 eram
858 1722 944 1771 sane
962 1700 1168 1790 impeditus,
1199 1701 1256 1768 scd

190 1814 333 1899 parvula
359 1813 559 1902 lippitudine
588 1813 755 1882 adductus
786 1833 882 1902 sum,
913 1815 951 1878 ut
978 1808 1145 1877 dictarem
1173 1809 1256 1876 hanc

190 1920 369 2006 epistolam
390 1926 426 1988 et
446 1940 540 2013 non,
560 1926 597 1988 ut
618 1921 663 1988 ad
684 1925 719 1989 te
740 1918 855 2008 soleo,
875 1919 951 2005 ipse
972 1917 1170 1985 scriberem.
1214 1915 1257 1983 lit

189 2029 330 2114 primum
344 2046 398 2094 me
414 2026 476 2093 tibi
490 2045 615 2094 excuso
630 2029 664 2092 in
681 2047 720 2094 ec
737 2028 833 2113 ipso,
851 2026 885 2092 iu
903 2043 967 2112 quo
986 2029 1020 2090 te
1035 2042 1184 2090 accuso:
1208 2040 1257 2089 mc

191 2135 280 2202 enim
301 2151 398 2198 nemo
423 2131 532 2199 adhuc
553 2134 710 2220 rogavit,
732 2153 810 2200 num
830 2130 908 2219 quid
923 2133 959 2197 in
969 2129 1169 2200 Sardiniam
1180 2129 1255 2196 vel·

191 2237 278 2302 lem:
301 2240 335 2300 te
352 2239 433 2322 puto
452 2255 555 2324 saepe
569 2235 706 2324 habere,
722 2241 796 2325 qui:
815 2259 892 2304 num
906 2234 985 2324 quid
998 2240 1142 2304 Romam
1158 2237 1253 2323 velis,

193 2347 364 2428 quaerant.
420 2342 517 2425 Quod
547 2344 670 2414 adme
700 2345 742 2413 de
763 2345 899 2414 Lentuli
926 2355 961 2411 et
988 2343 1096 2412 Sestii
1125 2345 1255 2411 nominc

192 2448 371 2535 scripsisti,
386 2449 518 2517 locutus
534 2471 608 2517 sum
623 2472 695 2519 oum
710 2450 839 2520 Cincio.
873 2426 1010 2539 Quoquo
1025 2450 1126 2518 modo
1144 2469 1203 2518 res
1217 2467 1253 2514 se

192 2557 314 2644 habet,
346 2580 413 2626 non
434 2565 490 2626 est
509 2560 685 2650 facillima,
718 2560 781 2628 sed
801 2561 904 2628 habet
924 2561 1076 2648 prolecto
1099 2559 1251 2647 quiddam

192 2663 354 2733 Sardinia
367 2667 558 2753 appositum
571 2666 615 2734 ad
629 2666 893 2745 recordationem
906 2667 1112 2755 praeteritae
1125 2685 1254 2734 memo·

192 2773 274 2839 riae.
309 2772 411 2862 Nam,
427 2777 462 2839 ut
474 2774 533 2839 ille
547 2773 718 2841 Gracchus
734 2793 855 2864 augur,
867 2778 1090 2861 posteaquam
1105 2773 1143 2840 in
1157 2776 1256 2842 istam

191 2879 398 2963 provinciam
425 2881 539 2967 venit,
570 2882 769 2948 recordatus
796 2870 867 2967 est,
896 2879 973 2968 quid
995 2880 1058 2945 sibi
1078 2879 1115 2944 in
1137 2898 1256 2967 campo

192 2976 317 3051 Martio
339 2987 471 3052 comitia
492 2988 665 3054 consulum
686 2989 823 3079 habenti
851 2992 967 3054 contra
988 2986 1141 3072 auspicia
1163 2987 1257 3055 acei-

260 3179 288 3239 ς,
308 3189 328 3224 ι.
362 3173 389 3222 in
406 3188 435 3222 oo
451 3173 526 3240 abac,
546 3170 691 3225 literarum
708 3171 900 3243 infrequentia.
920 3173 952 3216 ’-’
985 3172 1138 3225 Sardiniam
1159 3192 1189 3230 v.
1213 3190 1255 3246 ep

192 3254 286 3310 super.
301 3247 370 3294 extr.
385 3269 419 3280 -
452 3238 483 3289 cie
495 3237 604 3288 Lentuli
618 3250 643 3288 et
655 3239 736 3291 Sentii
750 3245 863 3302 nomana,
880 3237 914 3292 da
955 3238 1051 3292 ecunia
1066 3237 1117 3291 tihi
1130 3235 1227 3294 debita
1240 3254 1255 3292 a

192 3306 223 3359 P.
238 3304 359 3358 Lentulo
374 3303 523 3375 Spinthere
537 3313 564 3356 et
579 3305 609 3358 P.
622 3303 713 3357 Sestio
728 3303 872 3385 exigenda,
890 3315 918 3359 et
929 3256 1037 3372 dttico,
1055 3303 1099 3357 cui
1112 3313 1146 3357 tu
1159 3303 1256 3372 debes,

193 3369 332 3424 solvenda.
347 3403 380 3414 -
413 3371 509 3422 Cincio.
544 3370 577 3423 L.
592 3369 703 3424 Cincius
720 3369 804 3425 attrei
823 3371 931 3443 negotia
948 3372 1052 3423 Romae
1072 3373 1256 3442 procurabat.

192 3437 230 3493 V.
251 3435 286 3490 ad
305 3440 362 3492 Att.
381 3456 402 3505 ι,
420 3455 448 3504 13
465 3455 481 3504 7
487 3454 497 3503 5
513 3435 544 3505 85
564 3435 594 3489 16
610 3446 679 3489 extr.
689 3457 698 3505 3
715 3441 746 3503 4,
764 3441 789 3504 4.
812 3470 844 3480 -
888 3455 979 3507 oppos.
995 3438 1032 3488 ad
1046 3439 1150 3495 ccc-ord.
1163 3451 1256 3508 praet.

192 3520 266 3558 mem.
283 3503 300 3557 i.
316 3519 340 3558 e.
363 3502 440 3576 quod
459 3503 573 3555 maxima
591 3503 665 3556 valet
685 3502 719 3555 ad
738 3500 906 3557 excitandam
925 3518 1021 3555 aarum
1036 3517 1134 3555 rerum
1152 3521 1255 3559 memo·

193 3567 276 3635 riam,
294 3585 414 3640 quarum
434 3568 513 3622 obliti
527 3584 630 3622 sumus.
644 3601 677 3612 -
711 3568 773 3621 Tib.
786 3567 969 3638 Sempronius
983 3570 1133 3631 Gracchos,
1151 3570 1256 3626 Caiiot

193 3632 298 3686 Tiberii
317 3647 414 3705 pater,
440 3634 593 3706 proconsul
613 3631 640 3686 in
661 3633 789 3689 Sardinia
810 3633 991 3702 recordatus,
1018 3634 1046 3687 in
1066 3632 1256 3706 designatione

193 3701 338 3753 consulum
354 3719 409 3755 non
423 3713 499 3757 recte
517 3719 532 3755 a
550 3716 579 3756 se
599 3716 705 3772 augure
724 3711 752 3754 at
766 3701 881 3754 consule
892 3700 1175 3756 tabernaculumesso
1191 3719 1256 3775 cap-

193 3774 267 3829 tum,
292 3764 326 3819 de
344 3768 396 3820 hae
413 3786 445 3821 re
463 3765 497 3821 ad
514 3765 650 3840 auguru'm
668 3767 815 3840 collegium
831 3767 901 3821 misit
907 3787 917 3836 5
940 3783 1059 3839 auguros
1075 3764 1110 3818 ad
1125 3778 1256 3822 senatum

193 3833 367 3899 retulerunt,
382 3834 432 3905 qui
445 3843 477 3888 ut
492 3833 618 3888 consulas
632 3832 794 3889 abdicarent
808 3835 930 3903 censuit3
945 3833 973 3887 id
1011 3829 1066 3886 uod
1080 3832 1185 3887 iactum
1205 3847 1256 3890 est.

192 3915 218 3951 v.
234 3897 291 3952 Cic.
307 3898 340 3952 N.
354 3907 385 3955 Ι).
400 3916 430 3966 a,
444 3903 468 3965 4.
483 3898 517 3955 de
531 3900 611 3954 divin.
630 3918 658 3969 1,
678 3919 716 3962 17.
739 3902 805 3956 Val.
818 3902 891 3954 Max.
908 3919 932 3969 r,
949 3918 972 3966 r,
985 3850 1017 3966 ἐξ
1039 3899 1113 3953 Piut.
1126 3900 1256 3958 Marcell

216 4005 221 4017 .
241 3980 297 4017 100.
315 3997 349 4008 -
383 3969 489 4018 comitia
506 3965 643 4020 consulunt
656 3970 775 4030 laedenti,
794 3985 857 4020 cum
873 3976 946 4020 esset
959 3967 1059 4021 iterum
1073 3968 1174 4020 consui
1189 3984 1256 4021 cum

192 3981 233 4084 il.
249 4029 376 4085 Iuventio
394 4031 516 4100 Thalna,
540 4043 568 4085 et
588 4031 699 4100 quidem
722 4035 815 4104 priore
838 4034 901 4085 loco
921 4042 1047 4099 oreatus,
1074 4031 1124 4104 qui
1143 4032 1256 4088 comitia

194 4096 355 4150 consulibus
367 4095 507 4168 sequentia
522 4099 585 4152 anni
598 4097 727 4170 rogandis
741 4100 843 4153 habere
858 4094 973 4153 solebat.
