2768 4866
535 274 596 336 LIB.
617 275 636 335 l.
677 275 728 336 ΕΡ.
750 276 768 335 l.
1137 268 1187 341 29

209 457 256 524 Et
281 456 435 543 quoniam
463 451 542 520 mibi
571 471 673 520 casus
694 453 851 520 urbanam
872 455 907 520 in
927 452 1185 545 magistratibus
1206 440 1285 512 XV·
1304 440 1367 508 43·

128 561 451 629 administrationem
471 559 521 623 rei
541 556 714 644 publicae,
734 559 795 624 tibi
814 561 1052 647 provincialem
1074 558 1185 647 dedit3

128 670 159 734 si
179 686 253 734 mea
274 685 356 754 pars
376 664 499 731 nemini
521 665 633 753 cedit,
662 668 738 758 iac,
767 670 804 732 ut
828 671 886 733 tua
907 671 1039 734 ceteros
1059 667 1186 732 virrcat.

128 772 236 844 Simul
258 778 293 839 et
311 771 393 837 illud
421 773 556 860 cogita,
592 791 655 839 uos
683 792 749 839 nou
778 771 821 837 de
843 770 972 858 reliqua
992 775 1027 837 et
1047 775 1187 858 sperata

127 880 240 968 gloria
262 881 327 944 iam
348 876 518 965 laborare,
540 876 602 943 sed
624 876 668 943 de
688 879 785 963 parta
803 875 984 942 dimicare:
1006 893 1092 963 quae
1109 877 1186 963 qui-

128 986 204 1052 dem
224 1004 291 1050 non
312 989 381 1050 tam
402 984 594 1070 expetenda
613 983 710 1052 uobis
731 983 814 1070 fuit,
844 1002 941 1070 quam
965 983 1092 1052 tuenda
1119 988 1185 1051 est.

127 1093 202 1179 Ac,
232 1090 263 1155 si
290 1090 368 1155 mihi
396 1089 574 1176 quidquam
602 1095 698 1158 esset
723 1091 785 1158 abs
807 1095 843 1157 te
865 1096 1074 1180 separatum,
1104 1090 1188 1156 nibil

126 1196 269 1282 amplius
297 1194 525 1265 desiderarem
553 1197 617 1264 boc
644 1202 755 1283 statu,
787 1199 843 1285 qui
866 1197 946 1264 mibi
973 1199 1040 1264 iam
1067 1201 1188 1284 partius

127 1306 194 1368 est.
235 1301 336 1369 Nunc
357 1320 440 1369 vero
461 1303 512 1368 sic
532 1321 590 1370 res
610 1322 691 1370 sese
705 1305 827 1393 habet,
848 1309 902 1392 ut,
922 1305 989 1371 nisi
1005 1305 1113 1371 omnia
1129 1307 1189 1370 tua
1285 1343 1288 1349 -

126 1399 229 1475 iacta*
242 1414 343 1495 atque
367 1409 458 1475 dicta
476 1411 604 1476 nostris
619 1411 721 1477 rebus
738 1413 838 1478 istinc
854 1411 1099 1501 respondeant,
1120 1428 1189 1498 ego

126 1517 302 1583 metantis
319 1517 404 1600 meis
421 1514 591 1582 laboribus
611 1517 782 1602 tantisque
797 1497 974 1603 periculis,
996 1532 1131 1600 quorum
1150 1520 1188 1581 tu

127 1623 271 1689 omnium
285 1621 458 1707 particeps
473 1620 567 1686 luisti
576 1638 589 1711 ,·
604 1622 685 1688 nihil
702 1625 916 1689 consecutum
930 1624 1055 1707 putem.
1092 1619 1188 1704 Quod

127 1729 178 1816 si,
201 1731 239 1792 ut
258 1726 498 1812 amplissimum
518 1746 637 1795 nomeu
659 1746 955 1816 consequeremur,
977 1747 1064 1794 unus
1084 1745 1189 1814 prae·

128 1839 182 1899 ter
207 1836 341 1899 ceteros
369 1830 551 1898 adiuvisti:
585 1837 678 1905 certe
703 1835 809 1923 idem,
840 1839 877 1901 ut
901 1835 936 1901 id
963 1834 1188 1919 retineamus,

127 1945 264 2026 praeter
285 1944 418 2006 ceteros
435 1939 634 2006 elaborabis.
676 1941 755 2007 Non
772 1944 827 2007 est
842 1939 902 2006 tibi
917 1939 970 2006 his
988 1938 1069 2006 solis
1085 1940 1187 2003 uten-

127 2045 205 2111 dum
227 2032 529 2120 existimationibris
552 2065 594 2112 ao
615 2046 764 2134 iudiciis,
786 2045 842 2132 qui
856 2064 945 2111 nuuc
960 2049 1056 2132 suut,
1078 2041 1188 2109 homi·

126 2173 223 2238 num,
245 2152 308 2218 sed
329 2154 371 2218 iis
393 2154 511 2241 etiam,
527 2155 590 2240 'qui
606 2153 706 2219 futuri
722 2156 820 2218 sunt:
845 2169 1040 2238 quamquam
1055 2149 1187 2216 illorum

126 2259 192 2325 erit
211 2260 327 2325 verius
347 2258 522 2348 iudicium,
544 2259 785 2326 obtrectatione
800 2263 835 2324 et
848 2257 1084 2324 malevolentia
1098 2251 1186 2321 libe-

93 2443 96 2449 *
128 2371 248 2432 ratum.
290 2365 539 2452 Deniqueillud
558 2367 658 2432 etiam
675 2366 779 2433 debes
797 2367 967 2454 cogitare,
987 2385 1054 2431 non
1076 2370 1110 2430 te
1127 2363 1187 2429 tibi
1228 2354 1295 2426 44.

127 2472 192 2539 soli
213 2472 356 2560 gloriam
379 2490 563 2557 quaerere:
596 2471 733 2551 quodsi
755 2475 868 2561 essct,
895 2474 1009 2535 tamen
1033 2489 1101 2535 nou
1120 2486 1186 2535 ue-

125 2579 296 2669 gligere8‚
312 2580 513 2666 praesertim
527 2599 623 2666 quum
637 2579 851 2675 amplissimis
865 2577 1086 2644 monumentis
1101 2595 1186 2642 cou-

127 2704 262 2751 secrare
290 2685 460 2752 voluisses
481 2688 671 2752 memoriam
692 2686 834 2752 nominis
864 2686 932 2751 tui:
965 2683 1028 2750 sed
1057 2701 1099 2749 ea
1126 2682 1188 2748 tibi

129 2795 184 2857 est
214 2790 484 2858 communicanda
513 2810 662 2882 mecum,
698 2791 871 2879 prodenda
901 2791 1017 2857 liberis
1049 2793 1186 2859 nostris.

195 2991 257 3045 XV.
276 2989 358 3058 543
393 2993 419 3042 ai
434 3009 490 3042 mea
504 2979 685 3060 parenstaim'
699 2991 766 3042 cedit
786 2989 802 3042 i.
821 3004 844 3043 e.
861 2987 883 3040 ei
901 3003 974 3040 meas
992 2999 1085 3058 partes
1104 2987 1188 3040 admi·

127 3055 285 3110 uietraudaa
299 3055 475 3128 reipublicae
489 3059 517 3110 iu
531 3056 670 3111 urbatum
685 3055 829 3126 praeclare
844 3070 904 3124 ago,
919 3070 1002 3125 quam
1018 3055 1091 3108 ullus
1107 3054 1186 3109 abur.

128 3156 162 3168 -
175 3125 201 3176 ri
211 3140 268 3174 mea
281 3140 360 3190 para·
373 3122 529 3180 itaScbiitu.
544 3121 756 3193 deMalaapinae
772 3119 904 3174 sententia
936 3139 969 3174 ro
980 3122 1054 3195 vulg.
1068 3131 1093 3171 et
1105 3122 1136 3173 si.
1152 3149 1187 3163 --
1249 3158 1252 3165 .

128 3187 345 3260 dereliqueris.
364 3187 523 3257 defutura,
541 3187 816 3260 quaeparandaast.
850 3187 892 3240 Ita
932 3187 967 3242 ie..
983 3204 1033 3256 pro
1046 3186 1187 3251 Sarabis

128 3270 201 3371 pape
219 3254 343 3370 {fliium
358 3256 588 3375 trpuquillitatisr
604 3256 675 3326 Nep.
690 3255 818 3371 ΤΙιΞιιιίιιι.
834 3269 863 3308 e:
882 3270 959 3369 ιιιιιᾶιι
976 3252 1115 3324 praesenti
1130 3251 1187 3368 blpl·

128 3336 242 3449 nisis,
255 3331 463 3443 {bilaist-⁰
473 3331 922 3441 itbtt‘ss‘zmetti‘tsa
938 3334 1187 3462 tiribaldi-³.

128 3450 177 3502 boc
190 3460 282 3513 stuta!
299 3455 346 3522 qai
357 3455 423 3505 mibi
436 3456 489 3506 rbm
502 3467 576 3523 part.
593 3463 651 3513 est,
669 3452 685 3506 i.
701 3470 725 3507 e.
745 3451 796 3504 hoc
810 3466 906 3505 rerum
926 3466 1049 3502 mearum
1064 3449 1187 3532 fastigio,

128 3515 156 3568 in
171 3514 248 3586 quod
266 3518 382 3575 cauendi.
398 3549 430 3560 -
463 3520 523 3572 Non
543 3532 582 3572 est
604 3519 654 3570 tibi
670 3520 723 3571 las
751 3518 875 3569 utendum
897 3520 972 3568 erait.
995 3533 1026 3567 ac
1050 3518 1105 3572 iod.
1128 3536 1144 3571 ι.
1160 3532 1185 3571 e.

128 3599 185 3635 uon
206 3581 257 3634 hae
279 3583 369 3636 solum
388 3584 597 3640 existimationes
621 3601 652 3637 ac
673 3583 772 3636 iudicia
794 3584 880 3652 (lama
900 3580 1019 3636 secunda
1040 3599 1072 3635 ac
1091 3584 1187 3652 favor)

127 3648 178 3702 tibi
200 3646 372 3719 respicienda
391 3661 453 3705 sunt
494 3669 516 3707 a.
536 3667 621 3704 curae
640 3667 699 3703 esse
721 3651 832 3703 debent.
852 3681 884 3690 -
917 3648 964 3698 sed
978 3650 1011 3699 iio
1027 3651 1106 3700 etrbm
1128 3653 1144 3705 i.
1160 3665 1186 3704 a.

127 3713 176 3769 aed
198 3714 228 3767 iis
244 3714 324 3768 etiam
341 3712 444 3768 iudiciis
462 3690 616 3785 bominum,
639 3716 688 3787 qui
707 3716 758 3770 fut.
779 3724 851 3769 sunt.
888 3713 974 3767 hamb
1006 3714 1122 3770 coniecit
1141 3716 1189 3766 sed

127 3798 218 3834 eorum
238 3785 335 3843 etrbm,
360 3790 391 3833 ut
411 3798 498 3852 aupra
516 3785 610 3835 boram
629 3800 682 3854 pro
700 3783 740 3833 lo‘s
757 3782 829 3839 nobb,
865 3781 899 3834 V.
924 3780 1012 3835 Ocell.
1033 3811 1064 3824 -
1097 3785 1189 3833 certior

128 3848 183 3903 iud.
200 3846 321 3920 indeque
338 3846 426 3900 miuus
444 3863 459 3898 a
475 3857 503 3901 te
520 3846 670 3901 verendum
712 3849 834 3911 Manat,
851 3845 899 3920 qni
917 3863 946 3900 aa
963 3863 1017 3900 nou
1031 3848 1187 3920 intelligere

126 3913 179 3982 ait,
196 3914 264 3984 quid
280 3915 380 3968 afferat
397 3913 431 3968 ad
448 3914 610 3967 senteutiam
628 3932 652 3968 v.
671 3930 845 3985 quanquam,
869 3912 988 3966 malebat
1003 3916 1125 3984 quantam
1142 3911 1186 3966 vei

123 3998 185 4032 nam
202 3997 240 4034 lle.

186 3998 220 4115 qs.
239 4050 281 4115 44,
313 4049 482 4117 amplissimis
497 4066 611 4104 monum.
646 4046 689 4102 Cf.
706 4063 790 4118 supra
808 4051 831 4117 §.
847 4048 879 4102 26
895 4058 922 4102 et
937 4049 977 4105 31.
995 4079 1026 4089 -
1059 4045 1189 4097 voluisses

128 4136 160 4160 =
184 4113 369 4184 permisisses,
392 4130 490 4187 passus
509 4131 590 4172 erues.
630 4115 745 4169 Marcus
767 4124 857 4169 autem
879 4116 978 4170 Cicero
1000 4113 1067 4166 haec
1090 4126 1186 4162 mouu-
