2768 4866
432 275 495 336 LIB.
515 275 558 337 III.
597 276 648 336 ΕΡ.
670 276 736 339 VIII.
1042 273 1114 342 147

379 644 648 736 EPISTULA
680 630 791 720 vlu.

56 801 165 877 Scripta
186 799 302 875 Romae,
323 803 441 859 exeunte
461 815 496 858 m.
517 797 649 859 Novemb.
670 797 702 856 Α.
724 797 756 857 U.
778 795 807 857 C.
831 797 891 857 ⁷00
912 802 951 873 (a.
974 798 1035 858 tibr.
1058 801 1114 874 bi)

362 922 367 932 ·
444 897 540 958 iisdem
561 896 727 956 consulibus.
985 923 989 932 ·

54 1030 265 1097 Arpumeutunt.
297 1026 431 1079 Hortatur
443 1023 573 1091 fratrem,
585 1033 618 1076 ut
632 1021 741 1077 militiae
757 1023 868 1078 laborer
883 1032 910 1077 et
922 1033 1030 1090 cetera,
1044 1038 1116 1095 quae

156 1107 246 1178 ipsum
267 1103 425 1172 offendant,
450 1105 576 1176 perierat
600 1120 632 1172 ¹3
660 1101 758 1157 deinde
778 1103 812 1158 de
835 1105 961 1158 cautione
981 1102 1009 1157 in
1030 1104 1117 1157 litorio

128 1239 132 1243 .
158 1187 254 1242 dandis
271 1186 424 1241 adhibenda
440 1203 470 1255 ²3
488 1184 522 1238 de
537 1188 661 1258 poimete
675 1183 709 1239 ed
722 1187 867 1241 Gaesarem
883 1185 1066 1258 perficiendo,
1082 1183 1116 1241 de

156 1286 205 1341 spe
229 1268 437 1332 candidatorum
459 1269 618 1321 consulatus
639 1275 667 1319 et
688 1264 840 1321 dictaturae
859 1279 935 1322 metu
957 1267 1051 1336 3-43
1083 1263 1117 1321 de

154 1348 268 1406 Serrani
283 1339 329 1404 lilii
345 1348 442 1402 sunere
459 1349 475 1403 b
484 1368 493 1416 ;
510 1345 544 1401 de
555 1346 667 1402 Milonis
680 1346 812 1402 ludorum
829 1359 965 1424 apparatu
979 1346 1075 1404 scribit
1091 1347 1116 1403 ⁶.

318 1497 510 1579 mancus
538 1497 578 1582 p.
608 1497 784 1578 rnarru
810 1497 849 1567 s.

119 1623 293 1709 Superiori
308 1622 474 1708 epistolae
489 1619 577 1707 quod
591 1619 827 1708 respondeam,-
846 1619 927 1685 nihii
944 1604 1015 1686 est:
1032 1637 1118 1706 quae
1159 1613 1190 1678 I·

56 1730 157 1817 plena
172 1729 337 1795 stomachi
352 1732 387 1794 et
402 1726 611 1813 querelarum
625 1731 695 1814 est,
709 1745 773 1812 quo
785 1728 831 1791 in.
840 1745 969 1813 genere
979 1726 1120 1794 alteram

56 1854 189 1924 quoque
216 1841 250 1902 te
277 1835 399 1901 scribis
416 1832 533 1920 ¹pridie
555 1830 706 1899 Labieno
735 1830 894 1919 dedisse,
928 1832 983 1918 qui
1011 1832 1121 1898 adhuc

56 1944 299 2015 nonvenerut.
341 1941 487 2008 Delevit.
501 1940 588 2006 enim
608 1938 688 2003 mihi
710 1957 837 2004 omnem
854 1938 1039 2005 molestiam
1061 1955 1119 2003 re-

57 2049 189 2115 centior
209 2048 364 2145 epistola.
414 2047 559 2114 'lantum
579 2050 614 2112 te
636 2052 671 2112 et
692 2064 811 2113 moneo
833 2049 996 2132 etrogo,
1029 2051 1066 2110 ut
1086 2044 1120 2109 in

59 2158 136 2223 istis
153 2156 317 2222 molestiis
335 2158 369 2220 et
385 2152 558 2220 laboribus
574 2154 608 2217 et
622 2149 798 2215 desideriis
813 2149 1011 2234 recordere,
1034 2168 1119 2216 con-

59 2263 168 2331 silium
189 2265 339 2328 nostrum
353 2258 440 2346 quod
453 2257 559 2324 luerit
571 2255 792 2353 profectiores
808 2258 897 2323 tuae.
939 2256 1019 2322 Non
1033 2257 1119 2322 enim

58 2369 230 2439 commoda
266 2367 428 2456 quaedam
463 2364 685 2451 sequebamur
715 2363 821 2447 par'vu
856 2380 897 2427 ao
927 2364 1118 2430 mediocria.

59 2476 146 2562 Quid
168 2475 256 2546 enim
277 2477 370 2561 erut,
400 2470 489 2559 quud
511 2471 667 2536 discessu
687 2475 803 2533 nostro
824 2467 996 2549 emendum
1017 2474 1119 2554 putu·
1141 2544 1144 2549 ,

56 2573 201 2650 remus‘l
241 2580 452 2648 Praesidium
478 2574 700 2644 firmissimum
721 2573 918 2661 petebamus
939 2591 983 2638 err
1005 2576 1120 2659 optimi

56 2692 92 2751 et
112 2686 334 2770 potentissimi
355 2685 419 2748 viri
441 2683 679 2789 bepevolentia
699 2681 743 2746 ad
758 2698 887 2746 omnem
909 2682 1033 2745 statum
1053 2700 1119 2745 no-

60 2794 153 2856 strae
175 2790 360 2876 dIgnitaIIs.
411 2789 512 2854 Plure
533 2794 700 2874 ponuntur
721 2788 756 2851 in
776 2806 856 2872 spe,
884 2793 980 2872 quam
1000 2787 1033 2849 in
1054 2804 1119 2872 pe-

58 2896 184 2962 cuniis:
205 2894 333 2982 relique
350 2893 394 2960 ad
411 2894 575 2964 iacturam
591 2897 776 2962 struantur}
819 2890 931 2977 Quare
952 2892 984 2958 si
1003 2891 1118 2961 crebro
1153 2940 1160 2950 -

125 3126 151 3187 s.
170 3136 192 3171 r.
226 3118 394 3169 neomeniam
411 3119 508 3188 puerei.
524 3133 556 3171 ex
570 3117 679 3172 militiae
696 3117 856 3181 laboribus,
873 3136 906 3172 er
923 3119 1000 3172 urbis
1017 3118 1120 3172 desido-

58 3183 117 3249 rio,
134 3200 166 3235 ex
204 3183 322 3248 ericum,
341 3183 439 3255 inquo
456 3184 496 3236 hie
512 3184 683 3255 temporibus
698 3185 865 3259 Ambiorigis
879 3184 978 3239 fraude
994 3194 1119 3238 versatus

58 3259 108 3301 cet.
132 3251 165 3302 V.
179 3201 257 3303 Eece.
269 3252 300 3302 Β.
315 3248 349 3303 G.
363 3253 393 3315 5,
406 3253 437 3316 ui
453 3266 515 3321 sqq.
530 3250 572 3317 43.
588 3281 619 3292 ·-
652 3251 774 3304 Ldbicno.
795 3253 830 3305 V.
844 3269 887 3323 ep.
903 3267 994 3322 preco.
1010 3259 1035 3318 §.
1050 3268 1072 3302 cv
1085 3282 1119 3293 -

59 3315 163 3366 Deiecit
178 3318 245 3366 carin
261 3325 313 3368 cet.
349 3317 424 3368 Haec
444 3314 655 3387 rependente
673 3332 754 3387 supp.
777 3318 847 3387 quod
866 3319 1036 3386 respondeam
1055 3318 1121 3366 nitati

58 3393 106 3434 est.
123 3413 156 3422 -
195 3381 320 3435 molestiis
338 3382 472 3435 animis-
512 3382 645 3433 catorum
662 3382 798 3452 corporis.
815 3408 848 3425 ·-·
890 3383 1023 3435 desiderio
1040 3381 1119 3434 urbis

60 3456 88 3499 ct
103 3455 226 3498 tuorum.
242 3478 274 3490 -
313 3449 425 3515 prrrject.
442 3459 504 3500 tuae
527 3445 561 3500 ed
579 3448 734 3500 Caesarem.
752 3478 783 3488 —·
821 3449 1040 3519 sequebamur:
1058 3464 1118 3500 con·

60 3512 140 3582 aequi
161 3511 337 3576 volebamus,
362 3513 540 3583 petebamus,
559 3513 696 3566 utstatim
715 3512 785 3566 dicit.
808 3545 839 3557 -
875 3515 987 3565 decessu
1009 3525 1118 3576 rrortro,

83 3595 147 3639 uum
164 3576 235 3630 alter
250 3577 284 3627 eb
304 3579 392 3630 altero
415 3577 632 3646 discederemus,
658 3578 835 3632 disiunctione
854 3589 956 3631 nostre.
973 3612 1007 3624 -
1039 3597 1120 3631 eman«

60 3594 130 3697 Iam.
163 3642 259 3696 Lemb.
280 3645 437 3698 merendum.
455 3677 488 3689 -
530 3657 582 3714 opt.
602 3657 626 3696 et
643 3657 699 3713 pot.
714 3648 777 3708 et'rr‘,
802 3645 933 3698 Caesaris.
951 3673 983 3686 -
1024 3649 1051 3697 in
1073 3665 1121 3714 spe
1151 3663 1153 3668 ·

58 3706 188 3782 praesidii
210 3707 360 3760 firmissimi.
394 3708 506 3764 Schritn.
525 3709 680 3782 suspicatur
698 3720 752 3765 est:
779 3713 996 3780 intercapio...
1036 3714 1063 3763 in
1075 3729 1119 3780 po·

57 3777 142 3832 enaim
157 3772 314 3845 colligendis
331 3775 358 3827 in
374 3785 421 3827 tue
438 3775 581 3846 legatione.
597 3809 630 3822 -
663 3778 716 3828 reli
730 3796 777 3839 ua,
798 3776 995 3837 emolumenta.
1020 3787 1051 3831 ut
1072 3793 1117 3846 pe·

59 3840 212 3916 cupiarum.
232 3872 262 3882 -
296 3841 477 3893 adiecturum
492 3853 631 3894 strueretur
647 3842 685 3895 sic
698 3795 748 3895 tIJi
761 3843 881 3913 parabis,
899 3853 929 3896 ut
943 3843 1021 3896 facile
1037 3858 1118 3914 posse

59 3907 146 3959 emitti
164 3906 211 3958 tihi
226 3905 393 3976 persuadeas
409 3905 528 3976 indeque
544 3907 676 3960 iacturam
693 3925 806 3974 eorum,
829 3910 850 3962 si
867 3908 1010 3974 acciderit,
1028 3924 1117 3978 ecquo

57 3973 148 4025 animo
163 3972 245 4025 seres.
280 3975 334 4024 Pro
351 3983 502 4032 struantur,
520 3972 548 4027 in
565 3971 645 4026 codd.
659 3973 782 4045 aditique
800 3975 915 4045 legitur:
939 3986 1118 4032 reserventur,
1203 3977 1206 3982 '

56 4037 92 4089 de
109 4052 166 4118 qua
181 4037 311 4090 varietate
327 4038 448 4091 Orellius
465 4035 618 4090 adnot-ruit:
646 4041 792 4112 »Utraque
814 4042 896 4093 lectio
920 4057 952 4092 ex
976 4039 1117 4100 inaniseete
1153 4083 1155 4087 ,

56 4113 100 4158 ert
119 4103 349 4177 interpolatione,
376 4101 527 4157 cuiusmodi
549 4105 630 4180 longe
652 4109 798 4178 pauciores
820 4107 999 4183 reperiuntur
1023 4104 1050 4158 iu
1076 4101 1119 4158 tir
1184 4116 1187 4120 “
