2768 4866
525 275 586 338 tta.
606 272 638 334 il.
680 273 731 333 tte.
753 274 796 334 vt.

476 662 743 741 epistolis
780 663 848 738 Vl.
917 657 920 666 “
1026 717 1029 721 -

212 803 321 881 Scripta
343 805 444 863 Romae
464 802 496 862 l'.
517 802 553 862 ld.
574 803 641 880 Apr.
661 805 694 863 A.
716 804 747 864 U.
769 801 799 864 C.
821 803 882 864 698
902 809 941 878 (a.
964 804 1026 866 Clrr.
1047 805 1104 880 te)

520 885 616 947 iisdem
637 886 803 950 oonsulibus.

131 1030 343 1095 Arpumentum.
375 1024 478 1078 Narrat
492 1039 521 1077 se
537 1022 675 1096 sponsalia
693 1019 849 1095 Crassipedi
864 1022 1026 1096 praebuisse
1045 1040 1067 1078 ι.
1100 1023 1195 1101 Quinti

231 1102 330 1159 domus
346 1103 560 1162 hedificationem
576 1104 740 1176 inspexisse3
758 1114 901 1159 coenatum
916 1103 991 1177 epud
1005 1103 1195 1177 Crassipedem

212 1241 214 1247 ,
233 1187 394 1260 Pompeium
405 1197 433 1242 es
444 1186 591 1240 Lucceium
603 1186 762 1242 convenisse
780 1203 804 1243 u.
837 1187 907 1240 Tum
919 1185 1050 1255 fratrem,
1066 1196 1099 1243 ut
1111 1202 1195 1258 quam

232 1267 351 1340 primum
369 1266 479 1335 redeat,
496 1277 577 1341 rogat
595 1268 625 1335 33
643 1265 784 1339 quomodo
801 1282 830 1321 se
847 1283 893 1321 res
906 1269 1045 1322 Romanae
1061 1265 1195 1334 babeant,

233 1349 261 1402 in
277 1347 373 1422 primis
389 1346 423 1401 de
441 1347 554 1414 iudicio,
578 1366 636 1420 quo
653 1348 727 1403 Sext.
742 1348 854 1402 Clodius
871 1347 1015 1404 absolutus
1032 1358 1089 1416 eet,
1112 1364 1196 1421 expo·

231 1431 289 1500 nit,
305 1429 424 1503 denique
440 1430 535 1486 literas
550 1430 645 1486 fratris
662 1446 692 1483 se
709 1440 869 1502 exspectare
885 1428 982 1486 scribit
997 1435 1084 1501 4-7.

398 1576 590 1646 mancus
618 1576 658 1661 o.
686 1576 862 1647 nascar
889 1563 929 1646 S.

217 1704 258 1767 A.
281 1700 313 1767 a.
335 1699 430 1767 v111.
453 1700 504 1768 re.
526 1702 608 1789 Apr.
622 1732 625 1736 ι
638 1699 809 1789 sponsalia
830 1677 1027 1788 cras'stpetr
1047 1686 1195 1788 praerat.
1237 1695 1268 1761 1.

133 1807 222 1880 Huic
251 1809 405 1876 convivio
432 1827 516 1896 puer
543 1807 707 1895 optimus,
740 1805 884 1890 Quintus
912 1811 991 1874 tuus
1018 1823 1195 1893 meusque,

133 1912 222 2000 quod
243 1914 427 2001 perleviter
446 1920 626 1983 commotus
644 1915 776 2000 iuerat,
800 1913 917 1981 defuit.
960 1915 1003 1981 A.
1021 1912 1052 1980 d.
1067 1911 1128 1979 vl.
1144 1910 1195 1977 Id.
1294 1907 1296 1911 ⁴

133 2021 241 2108 April.
262 2021 342 2086 veni
363 2020 408 2087 ad
430 2019 585 2104 Quintum
614 2039 755 2106 eumque
782 2020 853 2086 vidi
880 2020 981 2108 plane
1006 2020 1195 2108 integrum3
1312 2015 1315 2020 ’

132 2126 333 2214 multumque
354 2128 385 2193 is
405 2145 533 2193 meeum
553 2145 739 2194 sermonem
759 2127 875 2194 babuit
896 2112 931 2193 et
957 2127 1195 2215 perhumanum

133 2230 177 2298 de
198 2231 375 2300 discordiis
396 2234 568 2300 mulierum
589 2240 788 2304 nostrarum.
831 2229 919 2314 Quid
941 2222 1108 2318 quaeris?
1136 2233 1195 2296 ni-

134 2335 182 2408 hil
201 2336 368 2405 festivius.
409 2339 590 2427 Pomponia
607 2344 721 2431 autem
742 2339 841 2404 etium
862 2336 905 2403 de
926 2341 961 2404 te
983 2341 1103 2425 questa
1121 2340 1194 2404 estc

134 2441 196 2508 sed
215 2443 299 2510 baec
315 2463 593 2534 eorumbagemus.
635 2446 668 2511 A
682 2463 787 2533 puero
801 2450 839 2511 ut
852 2444 1013 2533 discessi,
1032 2445 1067 2510 in
1080 2461 1194 2513 aream
1233 2440 1267 2511 2

132 2548 223 2616 tuum
243 2552 341 2620 veni:
370 2571 428 2620 res
449 2553 617 2643 agebatur
636 2553 749 2620 multis
777 2551 1009 2621 structoribus.
1058 2550 1193 2639 Longi-

129 2657 209 2724 lium
230 2658 475 2746 redemptorem
497 2660 689 2728 cohortatus
710 2679 792 2727 sum.
840 2660 957 2727 Fidem
986 2657 1065 2725 mihi
1084 2657 1193 2724 sacie-

133 2765 208 2852 bat,
229 2784 269 2831 se
286 2766 377 2833 velle
397 2767 495 2832 nobis
516 2767 662 2855 plaeere.
704 2767 832 2834 Domus
849 2767 914 2833 erit
930 2765 1096 2855 egregia3
1118 2784 1193 2832 me·

130 2872 188 2958 gis
210 2872 297 2936 enim
318 2873 411 2936 cerni
439 2874 503 2938 iam
524 2876 677 2962 poterat,
707 2891 805 2960 quam
832 2877 989 2960 quantum
1017 2891 1061 2938 ex
1087 2871 1194 2940 form

129 2974 382 3050 iudicabamus:
400 2977 544 3064 itemque
556 2981 674 3045 nostra
687 2979 845 3045 celeriter
859 2978 1107 3046 aedificabatur.
1139 2977 1207 3070 lle,

130 3081 186 3154 die
205 3082 346 3152 coenavi
359 3081 450 3178 apud
466 3083 716 3173 Crassipedem.
759 3084 950 3175 Coenatus,
970 3086 1005 3153 in
1020 3086 1135 3153 hortos
1149 3083 1194 3151 ed

196 3289 223 3351 ς.
248 3303 270 3338 t.
310 3284 446 3354 sponsalia
465 3285 482 3338 i.
496 3299 522 3338 e·
537 3283 692 3343 convivium
709 3283 918 3357 sponsalicium,
943 3293 975 3338 ul
996 3281 1087 3338 statim
1101 3298 1132 3336 se
1154 3281 1193 3336 tti·

129 3359 186 3404 tur.
202 3378 235 3392 ·-
278 3351 434 3428 Crassupeds'.
469 3369 496 3406 v.
520 3365 564 3422 ep.
578 3354 610 3418 4,
628 3368 651 3404 a.
676 3351 746 3431 52¹·
767 3378 800 3392 -·
817 3351 981 3470 Nperlrus'ter
999 3361 1119 3404 commot.
1158 3415 1164 3428 Ι

129 3426 238 3534 {isid
255 3415 356 3556 liiii.
378 3418 741 3543 liiiiiiitdidll
754 3417 809 3560 ridi
823 3451 857 3534 m
869 3413 1116 3559 ’etiitsiliffiu
1129 3418 1192 3534 ,iii

124 3555 402 3624 gram4restrtutum.
416 3580 450 3593 -
483 3549 546 3602 mul.
562 3560 646 3626 nostr·⁸
667 3549 812 3602 Terentiae
830 3557 858 3601 et
889 3559 1042 3618 ompomee.
1058 3577 1086 3588 -
1133 3548 1193 3599 ests·-

126 3616 205 3673 m'us,
222 3608 383 3676 iucundius,
403 3613 524 3667 facetius.
570 3613 664 3686 Signrf.
691 3615 715 3667 h.
732 3633 756 3666 r.
774 3613 920 3666 amabilem
942 3627 1096 3683 puerorum
1127 3629 1191 3685 epo·

127 3695 196 3732 reru.
228 3695 255 3729 v.
271 3675 325 3730 Cic.
343 3677 377 3730 ed
392 3676 449 3730 div:
458 3679 488 3744 6,
501 3682 525 3746 4.
540 3683 631 3750 pueris
638 3717 649 3742 ‚
665 3680 758 3750 qus'dass
774 3680 841 3731 nrisil
851 3688 939 3748 potest
953 3676 1146 3757 corformem.
1156 3711 1190 3724 -

126 3748 205 3807 etrum
223 3743 254 3794 de
269 3755 313 3804 te,
328 3742 363 3795 de
379 3742 502 3814 longiore
519 3745 642 3820 coniugis
658 3745 793 3813 absentia,
810 3753 842 3799 ut
859 3745 958 3798 Manet
984 3742 1056 3798 droit.

179 3900 185 3913 .
213 3849 265 3888 .a.
288 3851 390 3913 ‚aream
413 3845 495 3914 traam.
527 3855 553 3889 v.
576 3852 620 3908 ep.
636 3834 757 3890 anteced.
779 3843 806 3904 §-
819 3851 844 3890 s.
867 3867 902 3883 .-
940 3835 1119 3887 structoribus
1136 3833 1190 3916 ie.

125 3896 185 3959 eedr
207 3900 365 3968 caloribus,
383 3917 432 3974 qur
448 3899 551 3954 calcem
566 3911 594 3954 et
609 3902 710 3955 lateres
727 3910 854 3970 tractent.
868 3931 902 3947 -
925 3899 1023 3969 seram
1038 3917 1053 3953 e
1067 3901 1189 3956 liumrsto

124 3964 276 4018 architecto
289 3966 370 4020 facte.
405 3986 432 4021 v.
445 3982 477 4021 su
501 3983 532 4029 re
548 3966 659 4038 ep.hui.
674 3966 738 4022 libr.
755 3983 786 4033 u,
801 3986 822 4022 t.
840 3998 873 4010 -
907 3967 980 4037 apud
994 3969 1082 4020 Crass.
1113 3967 1188 4018 com.

123 4032 263 4158 ωἶνεέξ
276 4032 411 4151 mappa.
446 3983 556 4094 sedum
578 4030 677 4095 ediditt
695 4032 768 4106 apud
778 4033 956 4105 Crusu'predem
971 4034 998 4086 lu
1012 4033 1105 4093 torret.
1129 4031 1189 4089 cea

341 4117 360 4175 P
402 4117 436 4160 m*
758 4158 761 4167 .
1087 4124 1089 4128 ’
