2768 4866
349 302 353 309 ·
437 266 709 327 nertstert.
784 274 788 281 ’
876 274 897 283 ’“
1039 261 1110 335 129

47 469 174 518 merum
202 454 237 517 et
256 448 395 516 militum
416 449 628 537 renuntiare,
659 449 814 536 irrepsit,
845 469 973 517 summa
1000 451 1109 518 infre-

49 559 196 646 quentia.
214 602 217 608 ·
237 556 345 640 Quum
364 554 473 621 vellet
488 557 604 641 exire,
625 554 854 621 sconsulibus
867 560 1022 623 retentus
1036 563 1110 626 ost:

48 665 233 733 introducti
249 663 428 752 publicani.
467 662 576 728 Homo
596 660 743 747 undique
763 666 879 750 actus,
899 681 998 749 quum
1018 682 1041 730 a
1058 681 1114 731 me

50 774 196 841 maxime
228 770 481 856 vulneraretur,
511 787 585 834 non·
604 770 681 836 tulit
707 773 743 836 et
768 788 823 835 me
847 770 1005 837 trementi
1029 788 1115 837 voce

53 880 186 948 exulem
202 877 398 965 appellavit.
440 867 525 964 Hic,
546 912 588 925 -
610 894 631 941 o
653 870 718 941 diil
741 876 824 942 nihil
844 880 989 964 unquam
1005 877 1115 944 hono·

52 987 209 1053 licentius
230 983 327 1051 nobis
349 981 472 1049 accidit
489 1017 531 1029 ·-
552 982 764 1047 consurrexit
783 986 924 1049 senatus
945 1000 1020 1048 curn
1041 983 1116 1050 cla-

54 1098 148 1163 uate
169 1090 213 1157 ad
236 1110 352 1177 unum,
375 1091 443 1176 sic,
465 1086 566 1154 atad
587 1105 711 1174 corpus
732 1088 805 1154 eius
818 1088 1021 1156 accederet:
1042 1090 1118 1176 pari

54 1200 201 1266 clamore
222 1200 324 1284 atque
345 1198 469 1282 impetu
479 1193 668 1283 publicani.
711 1193 800 1276 Quid
825 1186 992 1282 queens?
1032 1194 1117 1264 θω-

54 1325 135 1394 nes,
156 1310 321 1391 tamquam
342 1306 373 1369 si
393 1308 430 1369 tu
451 1320 571 1390 essee,
591 1301 640 1366 ita
655 1299 801 1367 fixerunt.
844 1302 938 1368 Nihil
950 1302 1117 1369 homiuum

56 1431 213 1479 sermone
231 1412 313 1478 ioris
328 1411 464 1476 clarius.
506 1409 586 1496 Ego
607 1409 720 1471 tamen
740 1408 842 1472 teneo
863 1405 906 1472 ab
926 1406 1118 1475 accusando

58 1520 119 1584 vix
138 1537 191 1584 me
214 1517 370 1584 hercule:
392 1514 455 1581 sed
475 1519 588 1581 tamen
609 1516 728 1600 teneo,
756 1511 815 1578 vel
836 1511 1022 1598 quodnolo
1045 1534 1119 1582 oum

55 1622 214 1709 Pompeio
236 1624 411 1708 pugnare,
432 1619 578 1686 -satis
601 1621 672 1704 est,
695 1616 781 1706 quad
801 1618 905 1684 instat
922 1617 964 1684 de
981 1618 1120 1710 Milone,

57 1810 188 1877 melotam,
205 1805 253 1878 qui
271 1823 333 1859 eum
351 1803 549 1874 eoredierant.
566 1813 601 1867 ’,-
634 1807 799 1871 renuntiare,
814 1806 842 1861 in
858 1817 957 1863 senatu
971 1823 1004 1862 ex
1044 1823 1121 1862 nere·

58 1909 93 1923 ..
115 1876 224 1943 irrepsit
246 1897 278 1922 =
300 1873 418 1926 latenter
436 1881 463 1926 et
479 1871 616 1929 haesitans
629 1873 659 1925 ‘iu
677 1881 802 1926 senatum
818 1873 901 1928 venit.
945 1874 986 1928 lta
1032 1875 1122 1928 chiits.

59 1951 126 2015 post
138 1939 293 1994 Munatium
306 1938 429 2010 aliosque
444 1936 528 1991 edidit
541 1955 595 2013 pro
607 1935 689 1993 eodd.
702 1936 833 1994 lectione:
847 1941 878 1993 in
891 1957 921 1993 re
934 1939 1035 2003 laesit,
1048 1955 1122 2012 quae

60 2024 95 2061 ex
110 2005 271 2080 glossemate
285 2015 346 2059 orta
363 2021 422 2058 esse
437 2001 554 2058 videtur.
579 2003 689 2075 Lipsius
705 2005 859 2076 suspicatus
876 2016 930 2061 est:
947 2008 1013 2059 mire
1029 2007 1121 2058 lraeez‘t.

60 2073 171 2142 lrrrpsr‘t
194 2071 212 2126 i.
226 2087 250 2126 e.
274 2070 354 2144 quasi
370 2069 441 2124 cla'm
461 2070 490 2124 in
507 2081 632 2125 senatum
654 2069 742 2139 venit,
767 2070 870 2142 optime
889 2070 1058 2144 opponitur,
1083 2071 1122 2126 uti

63 2139 151 2194 Orell.
166 2132 274 2204 mo'uet,
292 2135 438 2210 praecedd.
452 2138 479 2189 ira
495 2149 617 2189 senatum
630 2154 657 2188 se
672 2154 724 2188 non
738 2137 925 2195 committebat.
956 2135 1041 2193 Cedd.
1055 2154 1122 2192 vero

60 2205 206 2258 lectionem
224 2203 413 2257 adversantem
435 2217 499 2255 sane
523 2201 712 2255 consuetudini
734 2202 876 2259 Ciceronis
901 2221 952 2259 noc
973 2203 1054 2258 facila
1079 2220 1123 2257 ex·

62 2266 217 2340 plicandam
235 2269 309 2322 tueri
328 2276 441 2320 conatus
460 2276 503 2320 est
523 2268 566 2321 uir
585 2265 680 2321 doetus
699 2268 1123 2340 (Gotting.dns.1818.dl⁰roi

63 2354 91 2406 p.
107 2330 171 2400 1034
185 2340 261 2416 sqq.)
282 2343 378 2385 contra
393 2330 567 2401 WedeIaiudii
584 2331 770 2415 suspicionem
787 2336 815 2402 tit
835 2352 864 2397 ra
882 2337 974 2390 laesit.
1015 2338 1123 2389 Summa

64 2405 92 2453 r'n
99 2398 255 2471 frequentra
272 2415 351 2470 qaum
368 2407 422 2452 etc.
438 2429 466 2440 -
507 2415 610 2451 summa
628 2397 808 2469 rrffraqeentr'a.
821 2397 1021 2470 deductorum
1046 2400 1123 2474 quod

63 2478 147 2548 turpe
162 2476 236 2533 erat,
253 2481 340 2536 quum
355 2481 371 2518 e
386 2462 528 2538 provincia
543 2481 680 2530 reuersas,
693 2480 751 2535 quo
768 2463 887 2535 primum
900 2466 943 2519 die
957 2466 1124 2523 incenatum

64 2541 204 2600 venirent,
226 2530 392 2602 propinqui,
415 2529 578 2597 familiares,
603 2530 717 2588 clientes
735 2528 859 2585 comitari
875 2532 1007 2595 solerent·
1045 2532 1123 2604 Lips.

62 2598 163 2671 auspic.
180 2614 281 2649 semma
299 2596 543 2668 infrequentiam.
559 2607 726 2651 senatorum.
745 2629 777 2642 -
811 2601 882 2655 ear‘rs
902 2609 1065 2665 exsenatu,
1082 2617 1125 2655 re·

63 2665 189 2719 nuntiato
205 2663 323 2716 hostium
338 2673 365 2716 et
381 2663 496 2716 militum
512 2681 637 2717 numero.
651 2696 685 2707 -
719 2663 880 2726 consultius,
896 2679 1017 2747 quorum
1034 2665 1126 2719 Domi·

64 2732 120 2786 tius
140 2739 259 2800 propter
280 2727 460 2799 Pompeium,
484 2729 693 2782 inimicissimum
719 2745 817 2795 suum,
843 2729 989 2784 Gabinium
1012 2727 1125 2787 oderat·
1193 2756 1196 2764 ·

64 2796 187 2878 Appius,
205 2794 271 2864 quia
285 2793 395 2845 missurn
411 2793 438 2845 in
452 2793 560 2863 Syriam
574 2795 693 2866 legatum
703 2810 769 2846 eum
786 2794 912 2876 recipere
924 2797 1062 2850 noluerat.
1090 2769 1126 2854 V'·

66 2867 120 2916 ltro
139 2861 216 2926 Cass.
242 2860 261 2910 l.
284 2858 326 2930 39.
345 2892 378 2902 -
408 2860 545 2927 publicani
567 2859 688 2930 Syriaci,
711 2860 829 2914 Gabinio
850 2862 947 2916 infensi
973 2864 1027 2937 'pro
1049 2872 1126 2917 terea

66 2925 160 3000 quod,
181 2923 308 2996 quomis
329 2923 429 2976 linibus
445 2924 604 2996 provinciae
626 2940 752 2996 egressus
768 2924 802 2977 ad
821 2926 1023 2983 restituendum
1060 2928 1128 2989 tole·

64 3008 173 3047 meeum
196 2987 389 3045 Alexandriam
408 3001 481 3044 esset
499 2993 659 3062 proiectus,
686 2989 841 3063 praedones
862 3010 940 3049 oraru
965 2997 1127 3050 maritimam

66 3061 164 3130 Syriae
183 3065 374 3120 vastaverant3
397 3072 454 3127 quo
476 3057 550 3110 facto
564 3057 721 3131 publicanis
739 3058 877 3132 vectigalia
895 3060 1004 3134 exigere
1024 3060 1128 3116 non'li·

66 3127 133 3179 cuit·
167 3123 208 3179 Cf.
228 3138 314 3194 supra
333 3121 367 3174 ad
393 3123 410 3175 l.
426 3129 449 3175 l.
469 3138 512 3194 ep.
528 3125 566 3180 13.
585 3129 608 3196 §.
623 3141 654 3177 a:
669 3133 697 3175 et
713 3123 765 3177 Die
783 3127 851 3179 Gaas
877 3126 951 3199 1:39.
972 3158 1006 3169 -
1050 3139 1127 3179 cetus

66 3220 99 3243 =
117 3200 229 3244 coactus
254 3207 274 3242 a.
293 3188 320 3241 in
337 3189 475 3260 angustiae
491 3199 585 3259 aetus,
609 3193 741 3263 διωχθείς.
761 3223 792 3232 -
832 3193 1022 3247 vulneraretur
1048 3193 1128 3266 quasi

65 3262 141 3322 iera,
159 3258 176 3309 ἰ.
194 3272 218 3308 a.
235 3265 423 3309 accusaretur.
444 3287 477 3299 -
515 3273 571 3308 -non
592 3257 675 3319 tulit,
700 3266 791 3309 tacere
811 3274 866 3312 nou
886 3257 986 3330 potuit.
1003 3276 1038 3305 -‘
1078 3271 1128 3311 tre-

66 3327 163 3385 menti,
178 3321 219 3373 ira
234 3322 395 3392 intercepta.
407 3351 441 3363 --
473 3324 582 3390 stupere,
599 3324 632 3374 ad
646 3339 749 3394 corpus
764 3322 822 3376 eius
837 3323 1006 3380 accedentes.
1020 3354 1052 3368 -
1079 3342 1128 3396 pu-

67 3391 180 3451 blr'cam',
203 3404 274 3457 quos
293 3388 320 3440 in
339 3387 486 3441 corrsulatu
505 3385 556 3440 sibi
576 3385 735 3441 devinxerat
757 3387 866 3442 Cicero.
881 3409 920 3434 ’-
954 3402 1088 3462 tamqnam
1105 3393 1131 3442 sr'

68 3471 99 3509 tu
116 3473 200 3516 esses,
217 3456 256 3504 ita
264 3452 311 3520 fa.
329 3454 346 3508 i.
360 3471 383 3506 a,
401 3453 529 3507 acerrimi
547 3453 574 3506 in
592 3453 738 3507 Gabinium
766 3486 798 3500 -η
822 3455 911 3525 seris,
928 3466 1006 3509 extra
1023 3456 1127 3510 ruriam

67 3519 142 3594 apud
158 3521 269 3592 vulgum
286 3539 307 3574 s.
319 3530 438 3573 ceteram
455 3517 665 3574 multitudinem.
681 3555 715 3566 -
747 3522 903 3574 mehercule
919 3521 1027 3593 stripsit
1041 3520 1130 3577 Orell.

68 3606 132 3642 cum
148 3588 179 3640 G.
197 3599 227 3639 ut
245 3604 284 3636 me
323 3584 420 3639 audeat
435 3602 451 3638 e
466 3585 555 3640 verbo
572 3596 653 3642 tmen.
687 3587 799 3658 Vulgo:
813 3588 968 3643 mehercule.
983 3618 1014 3630 -
1047 3592 1129 3644 teneo.

68 3656 131 3709 Non
148 3652 285 3706 accusavit
299 3603 446 3705 gabinium
462 3650 496 3704 de
508 3652 664 3720 maiestate;
679 3651 806 3725 adeoque
820 3652 942 3708 defendit
948 3651 986 3707 ae
999 3660 1128 3728 repetun-

69 3719 140 3773 disr
175 3728 222 3773 atu
240 3717 370 3788 Pompeii.
407 3720 443 3770 V.
458 3735 512 3788 pro
527 3719 712 3790 RabirsPost.
726 3720 751 3773 8.
769 3719 823 3773 Dio
837 3719 916 3773 Cass:
934 3719 954 3776 l.
971 3720 1011 3795 39
1023 3720 1129 3842 ,qnod

47 3796 49 3805 ’
67 3785 140 3840 idern
184 3781 323 3849 intrudit,
341 3781 488 3836 Gabinium
503 3782 537 3837 de
548 3786 692 3849 ,maiestate
708 3802 724 3838 a
739 3785 872 3840 Cicerone
886 3798 946 3849 esse
962 3800 1058 3843 asanaa
1074 3806 1129 3856 usn,

68 3850 176 3906 nonnisi
190 3849 224 3904 ad
239 3848 423 3904 testimonium
437 3848 659 3919 acerbissimum,
694 3850 748 3905 uod
763 3851 790 3904 in
804 3849 981 3923 illumdlrit,¹
989 3858 1129 3928 pertinere

69 3927 170 3990 potest.
206 3918 241 3973 V.
257 3916 328 3969 infra
347 3917 438 3987 end,
453 3930 476 3967 a.
496 3924 638 3986 apansa:
670 3868 970 3986 intensonosa:
1025 3926 1130 3976 detersa

67 3984 164 4105 fedei.
180 4015 214 4028 -
246 4000 305 4036 com
320 3982 458 4051 Pompeio,
485 3981 533 4052 qui
549 3973 614 4039 ideo
632 3983 742 4039 Gabinii
762 4000 871 4038 eausam
892 3997 1014 4108 sasespbt
1053 3984 1130 4057 quod

81 4049 157 4105 uteris
179 4064 243 4102 eum
263 4046 298 4101 sd
314 4047 502 4103 Ptolemaeum
521 4047 710 4104 reducendum
726 4049 893 4106 incitaverat.
929 4053 964 4108 V.
1007 4028 1034 4109 ιό
1053 4054 1075 4125 l,
1087 4051 1131 4122 ³9·

68 4149 103 4160 -
127 4117 158 4167 de
179 4116 293 4176 Milone,
316 4130 400 4186 quem
417 4115 522 4186 optima
538 4112 617 4170 dese
632 4116 777 4185 maritum,
799 4118 972 4174 consulatum
991 4129 1130 4192 petentem

904 4203 930 4271 9
