2768 4866
216 213 267 285 28
356 221 392 281 hl.
414 220 445 281 T.
467 217 651 281 CICERONIS
673 216 825 279 aristot.
847 216 896 277 Ab
917 217 949 289 Q.
970 216 1148 278 FRATREM

119 390 178 463 4¹.
220 402 396 492 quisquam
416 402 525 489 possit
543 401 644 468 ullam
663 396 923 487 reprehendere.
964 386 1108 465 Acium
1132 396 1293 466 hocloco

143 523 146 528 ·
217 531 286 578 non
307 511 498 577 hortatione
517 526 627 594 neque
649 506 863 593 praeceptis,
896 502 960 571 sed
987 505 1156 591 precibus
1186 511 1293 573 tecum

218 616 378 684 fraternis
399 633 490 703 ago,
511 618 616 682 totum
636 618 674 679 ut
693 615 856 700 animum,
887 630 1001 678 curam
1021 613 1292 699 cogitationem·

219 740 284 810 que
303 727 395 790 tuam
415 741 523 809 ponus
543 722 579 787 in
602 721 745 786 omnium
772 719 873 785 laude
902 717 1048 804 undique
1077 719 1292 807 colligenda.

220 827 316 912 Quod
343 829 375 894 si
400 830 434 894 in
462 826 621 895 mediocri
646 831 739 892 statu
766 826 933 892 sermonis
959 842 1001 891 ae
1021 817 1291 912 praedicationis

218 942 358 1002 nostrae
377 953 435 1000 res
457 939 593 1021 essent,
615 932 696 998 nihil
717 932 829 999 abste
848 932 1022 1018 eximium,
1044 931 1131 997 nihil
1147 939 1292 1019 praeter

219 1034 654 1107 aliorum‘consuetudinem
669 1038 906 1125 postularetur.
948 1038 1049 1103 Nune
1071 1055 1162 1105 vero
1185 1060 1291 1128 prop-

219 1149 272 1212 ter
293 1163 405 1212 earum
425 1162 554 1233 rerum,
577 1144 612 1209 in
633 1144 753 1230 quibus
767 1148 897 1212 versati
913 1163 1046 1233 sumus,
1068 1145 1292 1232 splendorem

219 1257 255 1319 et
281 1243 569 1339 magnitudinem,
601 1251 667 1316 nisi
695 1269 853 1317 summam
880 1252 1013 1318 laudem
1042 1269 1088 1317 ex
1114 1252 1192 1319 ista
1213 1274 1292 1341 pro-

218 1359 330 1426 vincia
356 1359 586 1446 assequimur,
618 1359 679 1424 vix
705 1357 858 1425 videmur
877 1377 1038 1425 summam
1058 1359 1293 1446 vituperatio-

217 1481 295 1530 nem
315 1483 418 1551 posse
436 1464 558 1533 vitare.
598 1466 652 1532 lila
671 1472 791 1534 nostra
806 1466 895 1532 ratio
916 1469 987 1552 est,
1011 1469 1048 1531 ut
1068 1484 1198 1534 omnes
1219 1470 1293 1536 bosi

218 1588 317 1657 quum
343 1571 501 1662 faveant,
534 1577 603 1639 tum
633 1574 731 1640 etiam
762 1591 892 1640 omnem
912 1592 934 1638 a
954 1573 1051 1639 nobis
1073 1571 1293 1662 diligentiam

135 1714 137 1718 ·
220 1677 445 1766 virtutemque
466 1683 501 1746 et
522 1680 698 1765 postulent
717 1684 753 1747 et
773 1684 995 1768 exspectent,
1029 1698 1154 1747 omnes
1179 1689 1295 1751 autem
1332 1726 1336 1785 ,

218 1783 378 1874 improbi,
400 1785 488 1872 quod
511 1805 585 1852 cum
604 1787 647 1852 iis
663 1786 787 1854 bellum
802 1787 1039 1873 sempiternum
1057 1791 1294 1877 suscepimus,

219 1891 276 1957 vel
304 1893 436 1958 minima
463 1911 502 1958 re
528 1893 570 1959 ad
600 1890 913 1981 reprehendendum
941 1892 1092 1958 contenti
1122 1911 1213 1960 esse
1242 1897 1294 1961 vi-

114 2004 175 2076 42,
217 1997 371 2066 deantur.
427 1999 561 2088 Quare,
594 1999 749 2085 quoniam
778 1999 942 2066 eiusmodi
970 1999 1140 2066 theatrum
1170 1993 1212 2098 †
1244 2008 1294 2071 est

218 2104 342 2187 totius,
364 2103 562 2170 celebritate
581 2103 858 2194 refertissimum,
887 2104 1121 2193 magnitudine
1144 2109 1293 2195 amplis·

219 2211 359 2298 simum,
386 2209 507 2276 iudicio
529 2209 808 2296 eruditissimum,
836 2214 958 2276 natura
979 2213 1092 2276 autem
1113 2210 1165 2276 ita
1186 2233 1295 2279 reso-

219 2324 324 2405 nans,
357 2322 394 2383 ut
416 2336 521 2404 usque
542 2319 682 2384 Romam
703 2315 973 2405 significationes
997 2335 1170 2404 vocesque
1193 2323 1292 2389 reie-

217 2425 356 2487 rantur=
389 2422 579 2510 contende,
608 2441 755 2510 quaeso,
783 2426 885 2508 atque
907 2422 1066 2510 elabora,
1094 2443 1165 2490 non
1188 2428 1289 2494 modo

219 2530 256 2592 ut
285 2525 338 2592 his
365 2527 467 2594 rebus
496 2528 621 2616 dignus
643 2528 772 2616 fuisse,
806 2528 865 2595 sed
896 2530 995 2622 etiam
1023 2532 1061 2599 ut
1088 2531 1148 2600 illa
1179 2538 1292 2605 omnia

218 2633 287 2700 tuis
308 2632 437 2700 artibus
458 2651 644 2720 superasse
665 2633 815 2700 videare.

286 2871 314 2932 ς.
333 2867 374 2930 41.
408 2881 460 2916 non
478 2866 549 2921 hort.
567 2883 622 2937 neq.
636 2883 719 2935 praec
735 2904 746 2929 ,
767 2869 814 2918 sed
829 2884 900 2934 prec.
916 2878 1001 2918 tecum
1008 2865 1054 2934 sr.
1073 2883 1126 2934 ugo
1151 2868 1168 2921 i.
1186 2887 1211 2927 e.
1234 2887 1284 2924 non

219 2938 248 2984 te
264 2928 379 2996 hortor,
396 2946 487 3000 neque
502 2931 553 2985 tibi
571 2932 727 3003 praccipio,
744 2930 792 2985 sed
807 2932 931 2986 fraterne
946 2943 973 2985 te
991 2949 1103 3002 precor.
1118 2965 1151 2976 -
1188 2937 1288 3000 Quodsi

219 2997 247 3047 in
264 3001 330 3048 med.
346 3006 409 3049 stut.
425 3013 502 3052 seros.
519 3014 551 3048 ac
564 2999 712 3064 praedicat.
727 3010 966 3053 restaurassent
981 2998 997 3054 i.
1011 3015 1037 3054 e.
1052 2997 1152 3069 quodsi
1166 3001 1288 3055 conditio

218 3077 316 3115 rerum
334 3072 492 3114 nostrarum
514 3060 661 3116 mediocris
685 3081 718 3116 ac
740 3064 899 3135 quotidiana
922 3074 1011 3132 esset,
1036 3065 1070 3117 de
1093 3080 1149 3135 qua
1172 3068 1289 3134 siletur,

217 3143 320 3200 neque,
338 3137 470 3198 utsupra
486 3125 561 3198 dixit,
577 3129 762 3198 sempiternus
778 3129 918 3183 hominurn
933 3147 1026 3184 sermo
1038 3131 1151 3186 iuturus
1166 3143 1289 3189 esset.-

216 3206 326 3264 prueter
343 3195 378 3246 cl.
396 3212 467 3248 cons.
482 3219 514 3242 =
530 3212 614 3266 quam
629 3194 705 3267 quod
721 3195 755 3249 ab
773 3195 832 3250 aliis
848 3197 985 3268 postulari
1000 3168 1081 3253 soiet.
1099 3229 1132 3240 -
1167 3212 1241 3251 rutro
1253 3225 1289 3248 =

219 3259 357 3328 conditio,
375 3269 463 3314 status
477 3277 574 3315 rerum
588 3273 756 3317 nostrarum.
911 3290 914 3298 ·

286 3336 313 3397 s.
332 3331 375 3394 dn.
409 3327 542 3380 theutrum
557 3338 573 3394 †
588 3340 627 3381 est
644 3331 736 3386 totius.
769 3328 858 3382 Orell.
879 3328 912 3382 ad
928 3329 954 3387 h.
969 3329 988 3383 l.
1008 3327 1166 3382 adnotavitt
1193 3332 1289 3385 »For-

218 3400 290 3445 tasse
304 3393 371 3447 nihil
387 3391 502 3461 excidit,
526 3395 574 3447 sed
594 3405 729 3465 corrupta
749 3405 814 3449 sunt
831 3413 873 3447 vv.
893 3408 933 3448 est
951 3397 1054 3459 totios;
1078 3395 1115 3448 ita
1132 3405 1165 3449 ut
1182 3395 1286 3452 fuerit:

220 3458 324 3520 Quare,
343 3462 466 3532 quonium
484 3461 612 3513 eiusmodi
628 3462 761 3511 theatrum
781 3481 808 3512 es
825 3464 972 3516 sortitus«
1006 3463 1074 3515 Ern.
1089 3460 1168 3533 legit:
1195 3465 1288 3526 Quare

192 3544 195 3549 ·
218 3526 343 3583 quamtum
359 3527 490 3577 eiusmodi
503 3527 638 3578 theutrum
654 3537 692 3578 est
707 3528 791 3577 totrbs
805 3528 900 3588 Αιίαε,
927 3537 954 3579 et
971 3543 1036 3580 sane
1058 3528 1116 3580 sine
1139 3539 1287 3597 postremo

219 3587 309 3641 verbo
325 3589 407 3643 lectio
431 3592 505 3664 vulg.
528 3608 611 3646 sensu
632 3590 706 3644 foret
726 3589 864 3645 destituta.
904 3591 1015 3649 Schultz.
1035 3604 1065 3661 ¹et
1081 3595 1198 3648 Liinern.
1222 3614 1286 3649 curn

218 3653 346 3708 Victorio
368 3656 558 3727 seripserunt:
590 3658 679 3722 Quare
717 3660 823 3709 uonrbm
845 3660 980 3711 theutrum
1000 3663 1055 3711 tuis
1078 3661 1288 3715 circumtusus

218 3720 329 3782 dutum.
347 3721 447 3775 omisso
464 3725 606 3785 eiusmodi,
628 3739 686 3794 quo
725 3742 749 3778 v.
765 3723 854 3778 iudice
870 3725 978 3779 Orellio
996 3725 1167 3780 sanissimum
1185 3737 1237 3781 est.
1254 3760 1287 3769 —

219 3787 369 3840 celebritate
385 3813 417 3837 =
429 3788 473 3841 fre
497 3790 587 3845 nentia
601 3800 839 3860 spectatorum.-
872 3791 962 3861 usgrnff.
976 3810 1111 3862 uocesque,
1123 3789 1290 3848 declaratio-

218 3867 268 3906 nes
283 3851 398 3922 plausus
413 3869 463 3908 seu
474 3806 595 3925 iavoris,
607 3872 681 3926 quae
699 3857 829 3930 propriae
845 3857 947 3912 theatri
959 3867 1032 3913 sunt.
1060 3859 1287 3926 signficun'oncs.

218 3918 396 3987 ἐπισημασίαι,
414 3922 575 3990 applausus.
610 3921 721 3980 vidae
738 3930 795 3979 Aac.
815 3943 842 3991 r,
859 3924 903 3989 16,
919 3942 966 3991 ¹¹3
986 3928 1033 3989 td,
1047 3923 1071 3978 3.
1086 3939 1138 3993 pro
1152 3923 1230 3980 Sext.
1245 3930 1288 3998 dp

219 3987 253 4054 67
267 3993 337 4038 extr.
351 3985 391 4056 59.
417 3987 478 4043 Lis.
489 3989 536 4053 δι,
554 3989 584 4042 15
597 3989 636 4043 io.
654 4022 686 4033 -
720 3991 761 4041 tis
778 3991 867 4050 retus.
884 3987 1065 4055 celebritate,
1083 4006 1125 4042 ma
1146 3989 1290 4061 mitudine,

220 4049 374 4107 eruditione
390 4051 489 4120 Asiae,
505 4053 617 4107 omnino
634 4055 685 4109 hoc
699 4056 808 4110 theatro
827 4054 925 4125 bisque
940 4004 1206 4129 significationibus.-
