2768 4866
448 273 511 334 tto.
532 271 563 335 ll.
603 271 655 334 ΕΡ.
673 272 731 335 ΧΠ.
1069 267 1122 337 89

58 457 207 546 ingenii,
228 455 352 522 multoe
367 457 481 522 tomen
498 455 593 521 artis.
636 453 710 522 Sed
727 474 824 544 quum
837 455 991 542 veneris,
1013 429 1135 520 virum

23 625 27 632 .
60 571 98 632 te
124 562 269 651 putabo,
296 563 327 627 si
348 559 503 631 Sallustii
522 561 751 648 Empedocles
776 562 927 649 legerisr
957 561 1122 629 hominem

60 691 128 738 non
149 669 284 758 putabo.
1115 688 1119 694 ·

356 918 360 927 ¹
402 931 671 1013 nplsoonn
694 932 783 1009 XII.

71 1046 74 1052 ¹
132 1093 240 1170 surpta
260 1092 362 1152 nunus
380 1089 473 1152 rurus
494 1091 575 1153 ocur.
595 1090 628 1149 n.
648 1090 680 1152 o.
702 1089 732 1150 o.
755 1089 814 1150 roo
835 1094 881 1166 (a.
902 1089 964 1150 our.
986 1091 1049 1166 m)

451 1188 549 1250 iisdem
569 1189 741 1250 Consulibus.

62 1335 272 1402 Argumentum.
305 1332 348 1384 De
364 1325 541 1399 Commageni
555 1327 627 1399 regis
641 1341 724 1379 ceusu
738 1340 753 1378 a
769 1325 904 1381 Cicerone
918 1325 947 1380 in
961 1335 1058 1381 senatu
1071 1323 1123 1381 dis·

161 1426 241 1466 coron
260 1410 357 1480 1-33
375 1407 408 1464 de
424 1408 512 1464 literis
527 1423 542 1462 a
560 1409 678 1463 Caesare
695 1407 812 1479 acceptis
828 1407 915 1475 4-5.

333 1554 527 1642 mundos
548 1553 588 1639 o.
609 1554 785 1621 nusum
804 1552 843 1625 s.

144 1680 283 1750 Gaudeo
305 1679 366 1746 tibi
385 1678 550 1746 ineundus
571 1697 651 1755 esse
668 1697 762 1749 meas
776 1679 912 1745 literasc
933 1694 997 1744 nee
1011 1681 1124 1744 tamen
1165 1685 1195 1749 l.

61 1787 256 1856 habuissem
283 1785 453 1854 scribendi
473 1803 563 1851 nune
584 1785 717 1872 quidem
743 1785 845 1852 ullum
871 1789 1122 1872 argumentum,

61 1888 128 1961 nisi
155 1898 232 1960 tuas
260 1894 479 1980 accepissem.
534 1891 622 1958 Num
650 1892 758 1980 pridie
782 1891 833 1982 ld.
863 1911 961 1978 quum
988 1890 1122 1977 Appius

62 2005 217 2069 senatum
230 2000 474 2086 infrequentem
489 1998 680 2088 coegisset,
702 2002 832 2065 tuntum
852 1998 915 2065 tuit
934 1999 1065 2087 frigus,
1087 2001 1124 2064 ut

61 2108 174 2196 populi
196 2107 349 2175 convicio
370 2109 509 2172 coaetus
531 2105 577 2170 sit
596 2124 659 2171 nos
677 2104 855 2171 dimittere.
897 2103 950 2170 lle
966 2103 1123 2172 Comma-
1164 2107 1199 2179 2.

64 2232 175 2302 geno,
205 2215 292 2303 quod
312 2232 384 2281 rem
401 2215 513 2280 ‘totam
532 2211 784 2298 discusseram,
816 2209 954 2276 mirifice
979 2209 1058 2276 mihi
1087 2213 1123 2276 et

65 2337 128 2405 per
157 2337 197 2387 se
228 2323 264 2386 et
290 2336 353 2405 per
381 2307 595 2405 Pomponium
626 2315 795 2384 blanditur
822 2315 965 2402 Appius.
1021 2313 1124 2381 Videt

63 2542 152 2592 uirum
167 2551 193 2592 te
207 2541 306 2608 putabo
328 2540 346 2596 i.
361 2557 386 2600 e.
408 2542 509 2596 fortem
528 2553 555 2596 et
575 2541 724 2616 potientem
744 2553 772 2596 et
788 2541 913 2596 molestie
931 2541 1076 2610 invictum,
1099 2544 1125 2594 si

65 2607 173 2674 legerit,
189 2607 314 2678 potueris
327 2607 418 2676 lerre,
436 2608 576 2680 patienter.
590 2609 683 2682 legere
697 2609 877 2678 Empedoclea,
890 2623 1001 2661 carmen
1015 2606 1049 2660 dc
1064 2608 1125 2688 plri-

65 2671 191 2743 losophie
208 2673 394 2745 Empedoclis,
415 2675 550 2729 brevitate
575 2685 602 2730 et
621 2674 964 2742 obscuritate·rnolestnru;
996 2676 1124 2726 iomanem

63 2755 117 2789 noa
133 2738 251 2807 putabo,
276 2740 324 2793 sed
346 2756 378 2793 ex
401 2751 488 2794 ertem
511 2739 598 2794 omnis
619 2740 808 2807 humanitatis;
833 2739 890 2792 sine
911 2755 994 2793 sensu
1011 2739 1124 2812 pulchri

63 2804 236 2878 venustique.
247 2836 281 2848 -
314 2809 356 2858 De
393 2806 522 2875 mpcdcclc
537 2805 714 2878 Agrigentino
734 2825 758 2860 r.
777 2805 834 2860 Cic.
849 2814 920 2861 orat.
937 2824 965 2874 r,
980 2807 1021 2862 50.
1037 2805 1124 2859 Amic.

62 2888 88 2938 7.
106 2871 173 2926 Hor.
185 2886 229 2942 ep.
244 2889 272 2939 r,
287 2887 333 2940 rc,
347 2887 388 2925 ao.
404 2877 465 2926 Art
478 2872 535 2938 464.
552 2871 628 2942 Diog.
644 2873 736 2927 Ledrt.
752 2871 786 2940 8,
801 2875 831 2925 δι
848 2886 910 2943 sqq.

130 3034 156 3098 S.
177 3048 198 3085 r.
229 2963 881 3110 prauis131.Febrtfiliilffifflsspffulsl'conuul.-
911 3049 946 3100 po
965 3031 1015 3110 uli,
1029 3028 1125 3084 stantis

66 3096 219 3177 anteferes
234 3111 327 3176 curtae
340 3115 368 3176 pn
381 3096 556 3175 Graecostasi
570 3106 598 3176 et
629 3096 757 3164 cedrinum
777 3116 800 3150 r.
813 3114 887 3168 epm.
901 3104 925 3166 ς.
966 3098 1022 3154 hur.
1034 3095 1082 3150 lib.
1091 3128 1125 3140 -

66 3178 190 3216 eonvtcto.
222 3163 265 3215 De
279 3163 473 3236 significatione
491 3163 517 3219 h.
529 3183 558 3220 v.
574 3183 599 3217 rr
620 3180 693 3235 eep.
707 3162 830 3220 anteced.
845 3164 869 3231 i.
885 3181 907 3217 1.

131 3263 157 3324 g.
177 3271 200 3311 a.
237 3258 420 3325 Commageno.
444 3257 489 3310 Sic
505 3254 588 3312 edidit
605 3274 620 3310 e
636 3255 716 3314 codd.
731 3257 818 3313 Orell.
834 3272 888 3327 pro
904 3257 1014 3330 vulgata
1029 3257 1127 3307 Oomm.

58 3336 149 3401 rege,
160 3320 187 3374 in
204 3338 260 3393 que
275 3339 375 3403 regere·
386 3322 476 3396 glossa
494 3321 557 3402 addi
572 3333 655 3403 notat
690 3323 779 3404 intell
796 3322 962 3389 Antiochus,
979 3337 1029 3401 pax
1044 3322 1126 3374 Gom·

66 3400 211 3505 ἕιαμηοε,
255 3398 320 3467 ertrs
334 3404 451 3468 exiguae·
462 3399 563 3470 reterre
577 3389 674 3469 Syriae
689 3405 726 3442 cm
738 3389 926 3470 Euphratem,
943 3402 1021 3440 curus
1040 3395 1125 3467 capot

63 3453 840 3600 ntlttl‘tt'isitl?itlt'ltiftitlllttti
854 3471 946 3573 itit
966 3467 1125 3589 sititet.

59 3583 266 3662 praesedentes,
284 3584 395 3640 ulturus
410 3585 635 3652 Seleucidsrum,
651 3604 700 3666 qur
714 3596 779 3666 pout
791 3583 941 3656 Alexandri
954 3587 992 3662 Μ
1007 3595 1125 3639 mortem

64 3667 94 3702 m
112 3649 194 3720 Syria
214 3661 381 3730 regnarent,
401 3651 471 3706 hene
488 3653 598 3726 regnis
618 3655 683 3707 riser
699 3653 862 3722 perticulam
880 3669 941 3704 eum
957 3651 1038 3706 titulo
1052 3653 1126 3734 regis

64 3731 81 3768 a
94 3714 214 3769 Lucullo
229 3725 257 3770 et
269 3718 400 3796 Pompeio
417 3719 527 3790 accepit.
563 3670 661 3790 Giyep.
677 3723 711 3773 ed
725 3719 778 3773 div.
797 3719 876 3786 15,1.
893 3718 928 3786 33'
938 3720 963 3785 4.
979 3715 1000 3784 §.
1012 3718 1036 3773 3.
1054 3720 1125 3775 le.

63 3781 93 3861 lt.
108 3799 135 3838 n.
149 3782 175 3848 d,
192 3784 230 3850 ²4·
243 3813 277 3826 -
309 3783 494 3845 decoemarum,
508 3785 673 3852 chimeram,
685 3785 722 3840 ita
736 3793 832 3838 contre
848 3801 911 3836 euru
926 3784 1120 3838 locutuserem

63 3865 92 3925 ru
108 3858 221 3929 senatu,
244 3858 275 3902 ut
296 3858 354 3903 tote
374 3861 420 3927 rgo
442 3848 477 3901 od
499 3850 614 3903 nihilum
630 3850 775 3904 recideret.
798 3850 900 3903 Manet.
916 3881 950 3892 -
984 3851 1120 3904 blanditur

95 3932 184 3995 ‘prum
201 3925 297 3994 metu,
309 3928 345 3968 ne
360 3915 418 3968 elus
434 3929 596 3995 quoquere
614 3916 676 3996 ibus
690 3926 737 3995 sut
753 3916 849 3989 legetis
864 3916 978 3985 exteris,
996 3934 1011 3970 u
1026 3926 1124 3971 senatu

65 3997 82 4060 .⁸
103 3980 169 4051 quud
194 3980 369 4052 petentibus,
387 3979 533 4061 ‘obsistam
604 3991 684 4035 terum
710 3982 862 4061 lu,·qnum
881 3999 979 4054 preces
996 3999 1011 4037 a
1026 3992 1123 4036 senatu

64 4055 272 4118 impetrassent,
288 4047 409 4112 consuli,
425 4063 474 4118 qm
490 4044 524 4100 sd
542 4057 666 4102 senatum
684 4048 839 4130 retulpsset,
853 4065 969 4104 munera
982 4047 1123 4103 autetiam

65 4121 175 4184 pectem
188 4114 343 4168 mercedem
360 4111 429 4168 dero
442 4113 578 4170 solebant.
612 4112 732 4187 ldquod
749 4116 900 4188 significant
916 4133 977 4184 va,
995 4128 1067 4186 quse
1081 4127 1125 4166 ee·
