2768 4866
482 647 748 729 nplsrohn
772 649 840 727 ΠΙ.

132 802 242 883 Scripta
254 805 289 866 ab
304 802 399 865 exsule
413 803 622 864 l'lessalonioaa
635 802 700 864 idib.
714 804 797 864 luniis
808 802 881 866 all.
890 802 918 865 C.
934 803 993 865 696
1009 809 1049 882 [a.
1061 803 1122 869 Chr.
1132 804 1188 881 58)

301 903 330 964 G.
351 902 418 963 lulio
439 901 571 980 Caesare,
592 903 628 964 Μ.
649 902 795 981 Calpurnio
816 903 913 964 Bibulo
935 903 1012 964 Coss.

132 1065 342 1130 annumeratam.
375 1055 456 1134 Quod
474 1075 578 1129 pueros
598 1057 632 1112 ad
649 1057 780 1137 Quintum
797 1058 854 1114 aine
872 1059 959 1114 literis
975 1059 1094 1128 miserit,
1116 1058 1143 1113 id
1162 1077 1191 1115 aa

157 1193 161 1201 ,
200 1158 256 1194 non
274 1140 414 1195 iracundia
431 1138 581 1194 adductum
597 1140 693 1196 secisse
709 1158 776 1211 nec,
800 1142 877 1215 quod
895 1142 1011 1197 fratrem
1031 1144 1127 1198 ridere
1144 1162 1193 1199 no·

200 1223 292 1277 luerit.
325 1223 477 1291 Hortatur,
494 1231 526 1277 ut
540 1238 570 1276 aa
584 1222 671 1294 erigat
686 1233 714 1276 et
727 1225 887 1293 confirmet,
904 1225 927 1280 ai
942 1242 998 1298 qna
1012 1224 1036 1279 ci
1048 1224 1192 1280 subeunda

199 1300 334 1357 dimicatio
347 1303 433 1361 fuerit
449 1304 534 1358 r-d.
569 1303 696 1375 Denique
712 1305 812 1376 gratias
826 1305 908 1361 fratri
924 1310 977 1379 pao
992 1305 1092 1362 oblatis
1104 1307 1192 1361 facul·

197 1385 299 1440 tatibus
314 1385 369 1458 agit
381 1394 422 1454 at,
445 1384 548 1457 quibua
565 1386 718 1456 potentium
734 1384 874 1440 fidendum
890 1398 937 1441 aut
951 1405 1007 1442 non
1020 1386 1190 1444 credendum

196 1466 246 1537 ait,
263 1476 358 1521 monet
372 1484 459 1538 7-9.
477 1480 599 1536 auosque
612 1465 708 1521 fratria
721 1465 809 1520 amori
826 1467 998 1524 commendat
1016 1487 1057 1527 ro.

403 1614 594 1684 MARCUS
617 1615 658 1699 Q.
679 1615 854 1682 FRATRI
875 1615 914 1684 S.

212 1728 261 1795 nli
281 1729 408 1818 irater,
430 1729 475 1794 mi
496 1727 617 1816 irater,
639 1727 684 1793 mi
704 1726 828 1814 irater,
848 1733 928 1794 tuna
942 1726 977 1794 id
990 1727 1120 1796 verinus
1138 1748 1190 1819 aa,
1232 1731 1263 1797 1.

130 1855 175 1904 ne
196 1855 264 1925 ego
285 1834 457 1902 iracundia
477 1835 587 1921 aliqua
604 1832 769 1900 adductus
784 1851 906 1920 pueros
927 1833 970 1900 ad
991 1838 1026 1900 te
1047 1835 1122 1902 siue
1141 1834 1188 1900 li-

130 1944 214 2010 teris
235 1933 412 2009 miserim?
432 1945 491 2009 aut
512 1942 612 2009 etiam
632 1959 677 2006 ne
697 1945 733 2008 te
746 1939 864 2008 videre
877 1931 1066 2007 noluerim?
1107 1941 1187 2028 ligo

127 2049 190 2116 tibi
216 2035 417 2117 irascerer?
449 2047 510 2115 tibi
536 2066 604 2135 ega
625 2045 753 2133 possim
774 2037 909 2113 irasci?
961 2044 1121 2136 Scilicet,
1150 2050 1189 2112 tu

127 2153 215 2220 enim
236 2171 288 2220 une
310 2152 481 2219 afflixisti:
503 2154 550 2219 tui
570 2171 622 2219 une
643 2153 789 2244 inimici,
819 2157 878 2220 tua
898 2171 951 2221 me
971 2152 1118 2240 invidia,
1146 2171 1188 2220 ac

128 2278 197 2326 non
218 2277 286 2347 ego
307 2263 343 2325 te
361 2258 485 2325 misere
505 2257 646 2344 perdidi.
687 2259 785 2327 Meus
807 2260 865 2326 ille
884 2260 1042 2328 laudatus
1059 2279 1186 2327 consu-

126 2365 237 2454 latus,
258 2364 338 2431 mihi
359 2370 409 2454 te,
430 2365 566 2454 liberos,
586 2367 740 2456 patriam,
761 2366 926 2453 fortunas,
948 2369 1009 2435 tibi
1026 2369 1128 2435 velim
1142 2386 1187 2435 ne

127 2472 205 2560 quid
226 2473 402 2563 cripuerit,
422 2479 558 2560 practer
578 2494 679 2539 unum
698 2494 763 2541 me.
805 2473 878 2542 Sed
900 2480 993 2541 certe
1013 2494 1035 2541 a
1054 2480 1090 2541 te
1107 2475 1188 2543 mihi

127 2580 239 2646 omnia
267 2599 400 2667 semper
426 2580 572 2648 honesta
599 2585 635 2649 ct
661 2580 808 2648 iucunda
835 2581 1047 2672 ceciderunt3
1082 2601 1104 2648 a
1133 2602 1188 2650 me

126 2686 187 2751 tibi
207 2687 318 2754 luctus
338 2705 434 2754 meae
455 2689 675 2777 calamitatis,
703 2693 813 2756 metus
834 2693 935 2778 tuae,
966 2687 1186 2776 desiderium,

127 2812 276 2882 maeror,
305 2794 463 2861 solitudo.
521 2794 599 2882 Ego
631 2799 666 2861 te
693 2797 810 2865 videre
837 2786 1030 2863 noluerim?
1082 2795 1186 2862 Immo

128 2918 209 2966 uero
228 2919 280 2966 me
301 2905 377 2968 ate
400 2902 508 2970 videri
527 2903 628 2969 nolui.
670 2902 751 2968 Non
772 2902 858 2968 enirn
878 2901 1028 2968 vidisses
1049 2899 1187 2967 fratrem

126 3009 240 3095 tuum,
261 3026 330 3073 non
351 3025 443 3095 eum,
465 3026 561 3093 quern
580 3008 785 3096 reliqueras3
807 3026 985 3096 nonaum,
1008 3024 1104 3094 quern
1119 3024 1186 3071 no-

124 3130 202 3202 ras3
223 3132 291 3179 non
313 3133 407 3200 eum,
430 3133 527 3201 quem
548 3115 633 3182 flens
651 3116 802 3200 flentem,
823 3118 1082 3202 prosequentem
1101 3132 1186 3200 pra-

191 3299 215 3364 §.
240 3314 262 3350 r.
294 3308 321 3348 aa
339 3298 385 3349 orit
410 3298 557 3361 noluerim,
581 3295 616 3350 da
636 3299 776 3370 provincia
795 3298 983 3355 decedentem.
999 3332 1034 3342 -
1065 3299 1186 3362 Scila'cet,

125 3356 143 3410 i.
158 3373 182 3413 e.
200 3361 267 3414 scias
278 3362 359 3429 iicet,
376 3363 489 3435 utiquc,
506 3364 639 3432 maxime3
657 3364 704 3419 aed
722 3366 806 3431 haec,
830 3377 858 3420 et
874 3383 946 3438 quac
962 3366 1052 3420 statim
1067 3382 1187 3437 acquan-

125 3434 190 3491 tur,
215 3433 420 3501 aeneasannos
440 3429 572 3503 capienda
588 3446 646 3483 ease
662 3432 768 3485 monuit
785 3433 891 3486 Manat.
905 3467 939 3478 -
997 3443 1085 3482 raerer
1104 3450 1186 3484 annm

124 3508 174 3543 mc.
208 3491 320 3547 Vereor
338 3497 422 3562 enirn,
443 3513 478 3549 ne
495 3497 544 3567 qui
559 3497 718 3552 consulatus
734 3499 786 3551 mci
805 3498 918 3570 gloriam
938 3450 1002 3550 miii
1016 3496 1185 3566 inviderunt,

125 3555 176 3609 tibi
193 3573 323 3629 qnoque,
336 3572 449 3631 praeter
463 3561 589 3630 fratrem,
602 3561 716 3629 liberos,
730 3565 847 3636 patriam
861 3565 1044 3682 fortunasqlne
1061 3563 1186 3635 eripiant.

124 3655 157 3666 -
172 3625 606 3683 ameribilactnamcacaal.cat.
644 3631 794 3684 uodmeam
810 3631 990 3683 calamitatem
1015 3646 1091 3702 agea,
1126 3628 1186 3682 'uod

123 3699 199 3742 tuam
215 3691 323 3759 metuis,
335 3690 411 3763 quod
421 3709 466 3744 mc
476 3645 763 3750 absentcmiesidaraa
776 3705 825 3749 etc¹
840 3696 903 3748 mihi
919 3706 1061 3766 acceptum
1076 3648 1185 3750 raicrra

124 3753 217 3810 dabas.
236 3790 267 3802 -
302 3771 387 3810 metae
401 3770 474 3819 anae,
490 3776 525 3812 nc
542 3759 635 3815 eadem
652 3773 678 3814 te
696 3779 810 3833 quoquo
827 3760 927 3814 inimici
944 3762 1031 3816 nostri
1050 3763 1186 3816 calamita·

124 3831 152 3874 te
173 3822 302 3896 affligant,
317 3857 348 3868 -
391 3826 545 3877 cicomariam
561 3828 614 3880 mci
629 3827 756 3881 absentie.
770 3860 801 3869 -
834 3845 941 3879 maeror
958 3844 990 3880 cx
1007 3827 1187 3882 meacalarnI·

124 3896 190 3944 tate.
210 3922 244 3934 -
277 3891 559 3944 menteoid,nolna'.
593 3891 685 3947 etad
705 3892 907 3966 Aar,t,9init.
931 3894 1093 3967 d,7,3.-
1126 3895 1186 3945 reli·

124 3972 236 4023 querna,
256 3957 374 4012 triennio
390 3967 453 4010 ante
469 3956 497 4009 in
517 3957 609 4011 Asiam
632 3959 798 4031 provinciam
822 3959 1007 4031 proficiscens.
1026 3995 1058 4005 -
1095 3977 1185 4029 prose-

124 4030 250 4089 quentem.
283 4024 344 4077 Non
363 4024 451 4076 solum
470 4023 637 4096 propinqui,
654 4023 701 4077 sad
721 4023 801 4079 etiam
823 4026 899 4080 amici
923 4028 1126 4098 proficiscentes
1149 4021 1185 4075 ad

124 4087 277 4158 provincias
294 4090 520 4147 administrandas
535 4103 613 4148 extra
632 4091 730 4146 urbem
749 4092 882 4165 prosequi
898 4094 1032 4148 solebant.
1067 4093 1135 4147 Hinc
1150 4091 1184 4146 ad
