2768 4866
466 255 529 316 ΗΒ.
550 255 568 316 l.
611 256 663 317 ΕΡ.
684 257 703 316 l.
1077 253 1121 322 t?

51 443 146 528 tique
158 439 299 509 servire.
341 440 449 525 Cujus
464 438 596 525 quidem
610 440 751 526 generis
765 445 925 508 constare
938 441 1028 508 inter
1043 460 1118 508 om·
1160 434 1216 505 25.

53 571 117 619 nes
140 549 237 617 video
259 549 322 615 abs
340 551 376 613 te
394 565 555 611 summam
570 543 721 611 adhiberi
738 543 971 633 diligentiam:
994 547 1119 614 nullum

52 677 114 726 aes
135 632 281 724 alienum
302 673 426 720 novum
448 649 603 718 contrahi
623 649 838 716 civitatibus:
868 656 987 719 vetere
1007 656 1120 719 antem

53 781 181 854 magno
209 769 244 829 et
271 761 373 849 gravi
398 759 521 825 multas
548 758 611 824 abs
639 762 673 823 te
699 774 780 826 esse
806 757 989 824 liberatas:
1022 761 1124 827 urbes

55 871 246 957 complures
260 868 388 934 dirutas
405 884 446 932 ac
462 884 572 953 paene
587 864 764 953 desertas,
778 901 820 912 -
833 863 869 928 in
888 863 1008 951 quibus
1024 884 1124 932 unam

55 981 174 1046 Ioniae
194 972 454 1059 nobilissimam,
476 972 618 1039 alteram
639 969 784 1060 Cariae,
807 970 947 1042 Samum
967 976 1002 1038 et
1021 971 1124 1038 Hali·
1155 958 1159 964 ’

58 1102 275 1170 earnsssum,
305 1117 343 1131 -
372 1099 435 1168 per
456 1084 493 1148 te
519 1095 600 1156 esse
618 1081 813 1146 recreatas:
842 1077 956 1144 nullas
983 1095 1063 1145 esse
1089 1078 1125 1144 in

60 1187 193 1273 oppidis
212 1185 414 1273 seditiones,
435 1184 548 1251 nullas
566 1184 775 1250 discordias:
798 1184 970 1271 provideri
990 1184 1053 1251 abs
1071 1188 1126 1272 te,

58 1296 96 1357 nt
118 1291 272 1357 civitates
301 1290 508 1378 optimatium
532 1289 684 1356 consiliis
710 1282 1008 1360 administrentur:
1041 1293 1125 1360 sub-

58 1398 129 1464 lata
148 1396 284 1483 Mysiae
303 1396 502 1463 latrocinia:
533 1395 658 1460 caedes
685 1395 799 1463 multis
818 1395 905 1464 loeIs
924 1416 1126 1486 repressas:

60 1522 180 1589 pacem
211 1508 284 1572 tota
312 1501 488 1588 provincia
520 1502 757 1567 constitutam:
792 1520 903 1588 neque
933 1505 1041 1570 solum
1069 1505 1128 1572 ills

58 1609 216 1674 itinerum
232 1612 334 1692 atque
351 1624 530 1693 agrorum,
552 1607 614 1673 sed
632 1608 733 1674 multo
755 1609 858 1675 etiam
877 1609 976 1697 plura
997 1617 1032 1677 et
1053 1623 1127 1678 ma‘-
1214 1672 1218 1680 .

59 1718 134 1782 iera
156 1712 409 1800 oppidorum'et
430 1712 584 1778 fanorum
603 1714 694 1779 furta
715 1717 751 1782 et
771 1715 950 1783 latrocinia
968 1714 1048 1782 esse
1064 1715 1139 1782 de-·

62 1822 182 1910 pulsa:
213 1823 374 1885 remotum
398 1838 420 1884 a
442 1818 532 1884 sama
553 1822 589 1886 et
608 1839 629 1886 a
650 1821 795 1889 fortunis
816 1829 853 1890 et
872 1823 916 1891 ab
939 1811 1008 1889 otio
1030 1822 1137 1888 locu-i

60 1928 199 2016 plotium
224 1925 316 1991 illam
341 1923 591 1992 acerbissimam
617 1929 804 1995 ministram
824 1935 1018 2017 praetorum
1041 1909 1129 1996 ava·

62 2035 180 2122 ritiae,
202 2032 421 2099 calumniam:
443 2036 596 2118 sumptus
614 2039 649 2100 et
665 2035 790 2102 tributa
808 2038 981 2104 civitatum
997 2037 1040 2104 ab
1058 2058 1149 2106 em„

61 2142 182 2229 nibus,
205 2140 261 2227 qni
281 2157 397 2206 earum
418 2139 591 2206 civitatum
612 2139 698 2207 lines
713 2142 884 2227 incolant,
908 2143 1045 2210 tolerari
1064 2164 1130 2213 ae·

63 2246 260 2334 quabiliter:
288 2246 468 2314 facillimos
498 2263 577 2312 esse
604 2245 714 2313 aditus
735 2247 780 2314 ad
802 2252 858 2316 te:
887 2254 1007 2336 patere
1029 2269 1131 2318 aures

61 2362 141 2424 tuas
162 2352 310 2441 querelis
332 2355 495 2419 omnium:
527 2352 650 2420 nullius
677 2355 822 2442 inopiam
846 2373 890 2424 ,ac
917 2357 1132 2425 solitudinem

64 2482 134 2531 non
154 2461 253 2529 modo
275 2461 333 2527 illo
362 2460 517 2546 populari
545 2478 688 2528 accessu
716 2480 757 2528 ac
787 2462 966 2553 tribunali,
998 2463 1132 2544 sedne

66 2571 163 2638 domo
186 2569 319 2657 quidem
340 2576 375 2635 et
392 2568 543 2634 cubiculo
563 2587 642 2635 esse
659 2569 829 2636 exclusam
845 2575 922 2658 tuo,
943 2575 1015 2636 toto
1032 2571 1132 2637 deni-

67 2696 132 2764 que
162 2673 240 2766 [in]
270 2675 410 2762 imperio
437 2674 520 2742 nibil
546 2676 703 2744 acerbum
731 2695 834 2763 esse,
866 2675 949 2743 nihil
977 2676 1133 2765 crudele,

78 2927 80 2932 .
136 2885 218 2953 aab.
252 2884 333 2936 Gaias
348 2885 588 2956 quadragenaria,
614 2891 777 2948 uteorum,
800 2880 1135 2956 quibusprassis‚com·

68 2948 157 3004 modis
171 2948 338 3020 utilitatique
354 2949 465 3003 servias.
482 2980 515 2991 -
548 2948 627 2999 ardes
644 2949 797 3017 'complures
820 2948 863 3015 {lu
878 2948 971 3002 multis
988 2950 1062 3002 editt.
1080 2965 1134 3002 vox

67 3017 145 3070 arbes
160 3015 288 3071 adiicitur
302 3015 442 3088 superiori
459 3015 600 3081 membro,
621 3024 652 3067 ut
665 3013 706 3067 sit·
718 3015 845 3066 liberatas
860 3015 944 3068 arbes.
979 3015 1035 3070 Sed
1050 3031 1135 3068 error

67 3084 200 3156 irrepsit,
225 3092 258 3137 ut
274 3093 351 3136 recte
370 3081 476 3136 monuit
493 3083 589 3148 Face,
615 3097 672 3132 non
690 3081 884 3153 reputantibus
902 3081 929 3134 in
949 3099 1006 3152 quo
1024 3080 1135 3134 differat
1279 3145 1284 3151 ι

67 3149 139 3203 urbs
155 3167 169 3203 a
188 3149 306 3203 ciuitate.
321 3181 353 3194 -
387 3160 522 3202 recreator
536 3173 568 3196 =
585 3149 757 3200 instauratas.
778 3180 809 3192 -
851 3149 934 3218 oppid.
952 3146 1136 3214 etfamfart.
1213 3163 1214 3166 ¹

68 3228 94 3268 et
112 3217 159 3269 lat.
194 3218 271 3270 Hane
286 3217 350 3269 leet.
366 3231 418 3287 per
432 3231 461 3268 se
476 3212 584 3266 minime
598 3214 796 3283 spernendam,
814 3214 860 3266 sed
876 3215 909 3268 de
922 3213 1135 3283 interpolatione

68 3291 226 3352 suspectam
247 3298 307 3334 esse
324 3282 361 3334 ait
379 3281 469 3334 Orell.
503 3278 656 3350 Bentivogl.
678 3279 775 3334 maiori
798 3281 989 3398 appetiuimus
1007 3277 1136 3341 fanorum

69 3362 131 3400 eam
147 3346 184 3399 ob
198 3357 309 3401 causam·
321 3346 449 3420 subiungi
463 3355 557 3418 putat,
575 3347 640 3417 quia
654 3344 797 3398 latrocinia
824 3364 940 3400 anorum
953 3343 1058 3398 maiora
1072 3355 1137 3399 suat

70 3423 157 3484 quam
178 3409 263 3482 oppid
320 3433 361 3477 m,
383 3413 418 3466 ob
440 3410 491 3465 reli
509 3411 608 3464 ionem.
625 3440 656 3452 -
688 3410 773 3478 sarta
792 3412 863 3467 liant
881 3414 966 3477 clam,
993 3412 1136 3464 latronicia

70 3478 174 3552 palam.
192 3509 226 3521 -
264 3429 443 3546 ffiplstr'um.
475 3428 561 3551 linig.
584 3476 751 3546 locupletam.
767 3511 799 3522 -
844 3479 1022 3539 calumniam,
1044 3474 1136 3531 fictam

69 3543 290 3609 accusationem3
314 3543 426 3614 quidam
449 3545 519 3596 enim
543 3541 751 3615 provinciarum
773 3544 930 3615 praesides,
955 3543 996 3596 uti
1017 3544 1136 3609 Verres,

70 3620 249 3664 accusatores
265 3609 445 3679 locupletium
462 3609 667 3676 subornabant,
694 3619 724 3662 ut
742 3626 774 3662 ex
794 3628 892 3664 eorum
910 3606 1136 3663 condemnatione

71 3684 219 3749 quaestum
234 3675 376 3736 iacerent,
400 3675 525 3746 adeoque
542 3677 616 3728 bona
638 3692 735 3730 eorum
755 3685 931 3747 usurparent.
947 3686 998 3720 -'
1024 3676 1140 3729 tolerari

71 3743 264 3814 aequabiliter,
290 3757 323 3794 ex
347 3757 437 3812 aequo
455 3740 586 3811 imperari
608 3739 728 3812 indeque
754 3742 862 3795 minime
881 3742 995 3795 inolente
1013 3756 1083 3795 esse.
1104 3772 1137 3783 —

75 3809 143 3862 null.
154 3811 222 3878 saep.
237 3826 269 3862 ac
281 3808 401 3868 solitud„
417 3805 551 3858 neminem
561 3806 607 3859 ino
629 3823 672 3858 em
685 3822 716 3858 ae
730 3807 820 3860 solum
837 3809 844 3860 i
857 3825 879 3860 e.
892 3808 1044 3861 amicorum
1057 3821 1138 3880 prae·

74 3871 143 3927 sidio
157 3885 307 3929 carentem.
343 3875 389 3928 Sic
405 3872 521 3924 solitudo
541 3871 575 3924 de
591 3823 704 3938 trieris,
722 3873 885 3943 parentibus
902 3873 1018 3943 orbatis,
1034 3873 1138 3945 legitur
1233 3927 1237 3932 ,

75 3938 132 3992 Cio.
152 3943 238 3998 Verr.
255 3940 346 4008 1‚58,
370 3937 404 3992 de
422 3937 511 3994 viduis
529 3938 639 3992 Caerin.
654 3939 678 3995 b.
701 3971 734 3984 ·-
770 3941 903 4010 populari
916 3959 1039 4004 accessa,
1062 3937 1138 3992 aditu

74 4003 109 4058 ad
127 4007 261 4073 tesselli,
285 4006 334 4078 qui
351 4005 437 4060 cuivis
459 4023 491 4058 ex
535 4005 621 4076 opnlo
639 4003 673 4056 ad
691 4014 718 4058 te
737 4007 916 4076 permittitur.
934 4042 967 4053 -
1006 4025 1039 4062 ac
1056 4004 1138 4056 trila-

72 4072 138 4125 aalr'.
164 4073 278 4129 Lallem.
294 4073 396 4146 auspic.
419 4074 456 4124 ad
475 4022 596 4125 triiaual
612 4083 696 4127 tuom.
712 4106 744 4117 -
783 4085 850 4138 tuo:
872 4086 930 4127 toto
946 4076 1054 4143 darique
1071 4065 1137 4143 [ia]
1206 4101 1208 4105 -

807 4205 811 4212 “
913 4185 937 4252 2
