2768 4866
314 810 379 910 Μ.
407 809 615 901 utinm!
644 807 973 905 CICERONIS

110 978 500 1100 'nutsuonnanm
524 999 607 1075 ,An
641 999 888 1091 sumnum
920 999 1179 1080 saranum

449 1138 609 1216 mona
634 1140 846 1218 carmus.

573 1342 743 1356 *neu—n-

487 1479 755 1556 EPISTOLA
787 1483 817 1554 Ι.

344 1621 452 1697 Scripta
465 1619 566 1679 Romae
580 1636 604 1679 a.
617 1637 643 1679 u.
659 1637 682 1680 c.
698 1620 756 1680 695
780 1625 819 1695 (a.
835 1603 896 1682 Chr.
911 1623 968 1694 59)

295 1719 323 1779 L.
344 1718 473 1792 Afranio,
501 1718 532 1789 Q.
554 1717 672 1779 Caecilio
693 1719 803 1778 lletellc
824 1717 923 1778 Celere
944 1718 1021 1781 (loss.

124 1882 333 1948 Arpumentum.
367 1875 460 1950 Quum
477 1870 580 1950 Quinto
596 1873 691 1942 fratri,
707 1873 755 1946 qui
773 1889 806 1927 ex
824 1884 957 1946 praetura
971 1875 1062 1930 Asiam
1077 1879 1187 1948 provin·

191 1956 260 2011 'ciem
273 1973 360 2010 annos
372 1957 425 2010 iam
439 1955 494 2010 duo
505 1972 603 2028 magna
616 1973 678 2008 cum
692 1953 790 2023 laude,
806 1958 1002 2011 nonnullorum
1017 1968 1109 2012 tamen
1123 1975 1186 2012 eum

190 2039 422 2113 reprehensione,
449 2031 701 2107 administraverat,
726 2050 910 2112 prorogatum
927 2039 1008 2095 etiam
1028 2041 1187 2096 intertium

191 2140 293 2176 annum
309 2120 457 2192 imperium
473 2120 587 2190 luisset,
611 2119 710 2174 Cicero
732 2135 795 2174 eum
819 2121 939 2192 primum
961 2121 999 2175 ob
1017 2123 1086 2175 hane
1103 2123 1187 2176 mole·

191 2203 270 2259 stiam
283 2202 456 2272 consolatur,
474 2219 590 2275 samque
604 2200 705 2274 partim
719 2218 769 2256 sua
782 2201 867 2273 ipsius
882 2204 964 2275 culpa
978 2203 1002 2256 ei
1017 2213 1188 2258 contractam

193 2301 253 2340 essa
269 2287 417 2339 confitetur
436 2285 532 2353 1-33
562 2282 660 2337 deinde
673 2282 803 2337 bortatur
816 2284 947 2352 fratrem,
961 2298 995 2338 ns
1010 2284 1128 2338 animum
1143 2284 1189 2338 de·

194 2366 298 2434 mittat,
316 2364 364 2420 sed
375 2367 488 2440 negotiis
502 2365 627 2434 resistat,
642 2375 726 2437 atquo
737 2363 806 2418 adeo
818 2374 966 2433 occurrat,
983 2367 1088 2439 quippe
1101 2385 1189 2438 quum

193 2467 248 2503 nnn
266 2465 325 2502 eam
343 2460 451 2521 partem
470 2449 510 2502 rei
526 2448 656 2521 publicae
672 2457 765 2520 gerat,
780 2446 809 2501 in
822 2458 878 2520 qua
891 2447 1004 2501 fortuna
1018 2449 1190 2517 dominetur,

194 2529 287 2584 sedin
304 2546 360 2600 qna
377 2531 528 2601 plurimum
545 2529 617 2584 ratio
633 2528 721 2601 possit
744 2539 771 2583 et
788 2524 925 2600 diligentia
949 2530 1035 2602 4-9.
1083 2528 1189 2585 Deinde

195 2611 332 2683 praecipit
349 2611 487 2683 primum,
512 2622 624 2679 utens,
648 2627 720 2681 quos
736 2611 850 2664 comites
865 2622 893 2666 et
910 2607 1052 2666 adiutores
1069 2611 1191 2684 negotio·

195 2711 260 2747 rum
277 2709 322 2745 res
339 2691 451 2762 publica
467 2692 526 2763 ipsa
544 2689 669 2759 dederit,
692 2691 720 2744 in
736 2691 829 2745 officio
846 2692 985 2747 contineat
1009 2709 1135 2761 ¹0-113
1160 2701 1191 2746 nt

198 2774 389 2828 convictorum
407 2783 435 2828 et
451 2772 643 2845 apparitorum
660 2772 732 2825 sacta
748 2782 777 2825 et
794 2771 865 2825 dicta
882 2773 933 2825 sibi
949 2771 1115 2844 praestanda
1132 2789 1191 2828 esse

197 2857 298 2931 cogitet
327 2857 451 2923 ru-143
482 2864 514 2908 ut
537 2862 671 2926 quantum
693 2852 909 2925 provincialibus
932 2855 977 2907 vel
994 2855 1123 2910 Romanis
1146 2855 1192 2909 vel

197 2941 313 2997 Graecis
330 2936 469 2993 fidendum
485 2937 535 3007 sit,
552 2935 697 3010 diligenter
713 2937 915 3009 circumspiciat
941 2939 1064 3007 15-163
1089 2949 1121 2992 ut
1136 2954 1192 2992 ser·

197 3041 246 3078 vos
271 3022 348 3094 gravi
369 3031 396 3075 et
418 3018 550 3075 constanti
567 3017 708 3092 disciplina
725 3023 853 3074 codronat
879 3019 995 3091 17-18.
1043 3024 1193 3075 Praeterea

197 3108 344 3162 severitate
357 3106 417 3174 ojus
428 3103 455 3156 in
466 3101 552 3155 rebus
564 3101 715 3157 statuendis
727 3113 754 3158 et
765 3101 944 3156 decernendis
956 3100 1081 3172 laudata,
1094 3118 1194 3173 aequa·

197 3190 330 3244 bilitatem
346 3188 373 3241 in
389 3187 452 3240 iure
470 3182 585 3237 dicendo
606 3200 731 3255 19-an‚
747 3183 904 3237 facilitatem
921 3183 948 3236 in
965 3180 1111 3251 audiendo,
1128 3181 1195 3235 leni·

197 3281 281 3326 tatum
297 3270 325 3322 in
339 3265 528 3336 decernendo,
544 3265 572 3319 in
589 3265 778 3320 satisfaciendo
797 3281 828 3318 ac
845 3263 1011 3337 disputando
1029 3263 1195 3334 diligentiam

200 3348 369 3404 commendat
386 3348 507 3404 nr-nb.
550 3349 586 3401 Et
603 3365 690 3422 quum
707 3347 756 3416 iis,
782 3347 831 3418 qui
853 3347 976 3420 praesint
1005 3346 1080 3415 aliis,
1104 3348 1196 3403 omnia

200 3433 254 3484 buc
270 3429 415 3484 reibrenda
431 3431 502 3498 sint,
528 3441 561 3484 ut
578 3430 614 3498 ii,
639 3429 689 3502 qui
703 3427 808 3484 fuerint
823 3428 850 3481 in
868 3445 965 3482 eorum
982 3428 1117 3500 imperio,
1141 3431 1196 3486 sint

201 3530 284 3587 quam
306 3511 470 3578 beatissimi,
494 3513 548 3565 boc
565 3528 581 3564 a
597 3513 685 3566 sratre
706 3527 811 3565 summa
825 3508 961 3582 diligentia
979 3521 1106 3566 curatum
1121 3529 1198 3584 esse,

200 3594 306 3667 singula
320 3592 378 3644 eius
392 3592 488 3645 merita
502 3591 693 3663 percensendo
707 3592 816 3661 laudat,
833 3600 861 3646 in
879 3608 995 3663 eamque
1012 3594 1147 3664 rationem
1164 3605 1197 3650 ut

200 3692 290 3749 porro
306 3673 380 3727 omni
397 3671 487 3747 studio
511 3673 667 3742 incumbat,
691 3675 837 3742 bortatur,
862 3673 981 3744 27-82.
1004 3674 1137 3748 ideoque,
1161 3688 1193 3732 ut

199 3757 354 3832 publicanis
370 3772 421 3810 nec
438 3755 548 3806 omnino
565 3753 744 3823 adversetur,
768 3773 819 3809 nee
837 3756 868 3810 iis
883 3765 974 3810 tamen
991 3758 1080 3812 omnia
1096 3775 1193 3812 eonce-

201 3840 264 3909 dat,
280 3848 374 3893 monet
389 3837 422 3892 33
432 3837 510 3892 -36.
552 3837 678 3908 Denique
692 3847 723 3891 ut
735 3835 892 3892 iracundiae
906 3837 1014 3895 resistat
1028 3840 1197 3913 omninoque

202 3933 291 3977 totum
308 3921 428 3975 animum
445 3920 472 3974 in
485 3919 605 3974 omnium
618 3918 700 3973 laude
714 3917 864 3991 colligenda
879 3931 979 3992 ponat,
997 3923 1120 3979 fraterno
1133 3939 1196 3977 eum

201 4007 290 4059 animo
306 4014 387 4076 rogat
404 4003 521 4074 37-45.

976 4103 992 4165 l
