2768 4866
462 245 524 306 llll.
545 245 564 305 l.
604 242 655 306 ΕΡ.
677 243 708 304 ll.
1070 243 1118 311 33

55 430 125 497 tius
138 427 213 516 ipsc
224 426 397 516 cognovit.
435 422 570 490 lltenim
586 424 769 491 intervenit
784 424 1016 492 nonnullorum
1032 442 1117 512 qne-

58 535 161 626 relis,
189 552 277 620 qnae
297 530 389 619 apud
409 548 462 597 me
483 528 527 596 de
547 520 605 595 illo
624 529 700 615 ipso
720 527 948 597 habebantur:
977 534 1013 597 et
1033 548 1119 598 sen-

58 640 122 708 tire
143 639 252 726 potnit
272 653 446 705 sermones
467 633 653 719 iniquorum
674 635 709 700 in
724 654 819 701 snum
831 638 1039 722 potissimum
1053 657 1119 706 no·

58 767 136 815 rnen
154 761 340 832 erumpere.
383 739 478 824 Quod
498 744 612 808 antem
633 762 687 811 me
707 744 850 809 maxime
870 762 1005 811 movere
1025 746 1120 813 solen
1159 740 1194 812 3.

60 854 138 944 bat,
170 871 269 938 quum
290 847 464 917 audiebam
490 846 583 912 illum
603 845 681 933 plus
701 844 791 932 apud
812 850 846 912 te
867 867 992 940 posse,
1023 867 1121 938 quam

60 961 220 1049 gravitas
246 957 345 1023 istius
373 955 496 1022 aetatis
526 957 562 1019 et
581 952 712 1038 imperii
731 950 913 1039 prudentia
931 955 1123 1040 postularet

59 1103 103 1118 -
123 1086 222 1154 quam
245 1063 373 1145 multos
385 1062 473 1129 enim
493 1077 621 1126 mecum
643 1059 762 1149 egisse
780 1065 902 1152 putas,
925 1067 961 1127 ut
978 1081 1018 1129 se
1036 1062 1122 1132 Sta-

60 1174 108 1238 tio
139 1159 431 1238 commendarem?
463 1186 562 1255 quam
589 1166 694 1232 multa
719 1169 832 1232 autem
859 1168 970 1254 ipsum
992 1172 1122 1257 ἀφελῶς

59 1296 187 1344 mecum
206 1278 240 1345 in
261 1295 417 1343 sermone
435 1276 485 1341 itu
505 1262 740 1361 protulisseir
775 1270 832 1337 uid
854 1272 933 1338 mihi
953 1293 1020 1341 non
1041 1274 1120 1362 pla-

58 1388 149 1454 cuit:
179 1385 312 1473 monni,
334 1381 448 1470 suasi,
471 1379 617 1447 deterrui
630 1401 665 1444 :e
703 1377 828 1464 quibus·
843 1379 878 1443 in
899 1380 999 1446 rebus
1021 1383 1122 1452 etiam

57 1492 89 1560 si
108 1491 254 1559 fidelitas
276 1508 405 1555 summu
427 1491 482 1553 est
498 1484 641 1572 -qnod
661 1501 802 1571 prorsus
822 1483 944 1573 credo,
965 1487 1121 1570 quoniam

58 1604 96 1664 tu
116 1599 165 1664 ita
184 1597 316 1664 iudicas
330 1599 502 1661 -tamen
523 1591 658 1680 species
679 1590 753 1676 ipsa
770 1593 837 1655 tam
851 1591 998 1676 gratiosi
1009 1591 1122 1660 liberti

61 1707 121 1768 ant
141 1702 235 1768 servi
256 1699 457 1787 dignitatem
478 1697 602 1763 babere
622 1697 749 1763 nnllam
764 1699 888 1784 potest.
928 1699 1040 1786 Atque
1058 1699 1122 1767 boc

62 1807 114 1873 sic
133 1804 255 1871 habeto
275 1840 317 1853 -
337 1803 419 1868 nihil
441 1804 528 1871 enim
547 1821 612 1872 neo
632 1810 760 1871 temere
781 1801 895 1870 dicere
922 1825 988 1873 nec
1008 1810 1122 1872 astute

58 1913 205 1980 reticere
226 1911 332 1978 debeo
360 1947 400 1961 -
427 1912 598 1978 materiam
627 1929 755 1978 omnem
777 1929 970 1988 sermonum¹
987 1930 1121 2000 eornm,

62 2020 119 2106 qui
140 2018 182 2085 de
203 2022 238 2084 te
259 2017 438 2085 detrahere
451 2016 599 2108 vellent,
622 2017 768 2086 Statium
788 2016 948 2086 dedisse:
970 2024 1006 2084 et
1020 2025 1122 2087 antea

61 2131 191 2194 tanturn
219 2124 367 2212 intelligi
393 2115 563 2212 potuisse,
596 2125 702 2191 iratos
729 2127 809 2190 tuae
837 2125 1014 2190 severitati
1041 2144 1121 2192 essa

60 2227 260 2301 nonnullos:
292 2231 357 2297 hoc
377 2231 598 2322 manumisso,
627 2232 744 2316 iratis,
773 2227 861 2315 ⁸(prod
889 2228 1119 2322 loquerentur,

59 2359 127 2407 non
150 2338 313 2405 defuisse.

58 2565 130 2618 bene
147 2563 317 2635 cupiunt-
356 2565 384 2633 iu
401 2580 478 2614 suum
491 2573 547 2632 put.
566 2579 635 2618 nom.
653 2577 786 2631 erumpere
805 2559 821 2619 i.
838 2579 862 2623 e.
880 2559 906 2616 in
926 2577 956 2617 se
971 2564 1120 2636 praecipue

59 2629 161 2699 emitti,
177 2646 207 2684 se
224 2627 421 2702 perstringere.

144 2778 150 2792 .
173 2739 197 2793 3.
231 2738 309 2802 Quod
328 2748 425 2790 nutem.
459 2737 601 2803 Faiirnus,
626 2737 768 2807 quianon
791 2737 978 2811 perspiciebat
1001 2755 1121 2811 sequens

60 2802 247 2865 ἁνακολουθον,
268 2802 382 2857 coniecit
405 2803 483 2866 Quod
501 2805 569 2854 rtem.
603 2801 745 2858 Sententia
761 2803 797 2857 ita
813 2804 966 2858 decurrere
984 2803 1121 2874 debebat,

60 2878 93 2920 ut
110 2878 175 2939 post
192 2889 218 2922 v.
233 2869 352 2920 deterrui
364 2878 533 2938 sequeretur
549 2869 597 2921 tou
614 2881 691 2930 erac,
708 2871 770 2941 quz'u
784 2871 823 2920 urs
837 2873 864 2922 r'n
880 2872 966 2927 rubus.
979 2905 1010 2914 -
1043 2875 1121 2924 istius

59 2945 113 2991 aet.
141 2935 183 2988 Ita
200 2935 325 3001 Subdiu,
342 2935 505 2988 Lambinum
522 2944 649 2997 secutus,
666 2952 721 3005 pro
736 2935 809 3008 vulg.
825 2936 898 2988 illius
913 2941 1017 2991 aetatis.
1052 2941 1121 2992 Ben·

58 2999 154 3072 tivogl.
177 3001 248 3054 male
272 3001 339 3066 baec
355 2998 411 3054 duo
430 2999 514 3053 rerba
532 2998 565 3052 ad
585 3001 703 3054 Statium
726 3002 823 3054 refert.
840 3035 872 3044 -
906 3021 1004 3055 mentm
1025 3008 1119 3073 egisse,

59 3082 94 3118 ex
110 3081 153 3118 me
170 3067 288 3139 petiisse.
304 3097 338 3112 -
361 3068 445 3137 rpsum
465 3065 591 3122 Statium.
607 3099 639 3111 -
673 3068 793 3134 ἀφελῶς,
809 3068 977 3139 simpliciter,
994 3070 1121 3141 ingenue,

58 3148 116 3202 quo
135 3147 165 3185 se
182 3130 312 3205 prodidit.
327 3165 359 3178 -
400 3135 440 3183 itu
453 3133 613 3199 protulisse,
632 3142 663 3185 ut
680 3134 833 3204 probaret,
850 3146 984 3205 quantum
1001 3134 1076 3206 apud
1093 3146 1120 3188 te

58 3198 221 3253 valeret-
256 3198 348 3270 quibus
364 3198 487 3251 euredus.
520 3197 565 3250 Sic
582 3198 655 3251 bunc
670 3199 778 3268 locum,
795 3200 844 3318 gui
880 3201 1042 3255 ratissimum
1058 3218 1121 3253 con·

55 3263 126 3317 tinet
146 3267 331 3331 coertionem,
357 3263 576 3336 distinguendum
595 3274 746 3318 asserente
768 3267 791 3318 vi
812 3268 833 3319 it
848 3217 950 3332 tirell,
977 3266 1120 3338 quoniam,

56 3329 99 3382 uti
115 3328 203 3399 liquet
220 3349 251 3384 ex
272 3347 330 3383 vco.
346 3333 400 3392 r‘ta,
420 3348 463 3384 vv.
478 3330 507 3380 iri
518 3331 584 3380 mebi
597 3349 650 3382 uon
663 3331 767 3398 placuit
834 3334 954 3384 deterrui
970 3338 1021 3400 (sc.
1037 3332 1121 3451 quin·
1209 3385 1216 3397 ,

53 3399 148 3460 tum),
166 3411 223 3446 uon
238 3397 276 3448 Μ.
294 3396 452 3458 Ciceronis,
470 3393 702 3466 quemadmodum
719 3397 855 3467 accepisse
872 3397 1000 3452 videntur
1020 3413 1050 3449 ce
1065 3399 1120 3468 eri,

53 3460 192 3536 (deterrui
206 3461 350 3527 Statium),
369 3461 417 3515 sed
434 3458 513 3516 Statii
534 3471 606 3515 sunt.
640 3462 732 3532 Vulgo
744 3462 862 3536 legitur:
888 3465 966 3526 Quod
978 3474 1067 3514 autem

49 3525 211 3596 postularet
229 3526 320 3599 (quum
336 3528 434 3577 multos
503 3528 543 3577 itu
557 3528 717 3598 protulisse)
731 3530 759 3579 eu
771 3531 838 3581 mr'lrr'
902 3529 1027 3583 deterrui.
1060 3531 1122 3594 Qui·

55 3595 106 3643 hus
121 3593 149 3643 ire
166 3592 243 3643 rebus
260 3601 304 3642 cet
330 3623 362 3634 -
396 3592 486 3660 quidus
502 3594 530 3642 r'n
548 3595 625 3647 rebus
642 3594 754 3664 respicit
770 3596 871 3659 verba,
889 3593 990 3675 quibus
1007 3596 1121 3664 Statius,

53 3658 301 3735 tanquam'Quinto
316 3659 455 3727 superior,
472 3674 538 3710 usur
556 3669 625 3712 erat.
638 3688 670 3701 -
696 3678 765 3732 quon
790 3673 821 3713 tu
836 3664 875 3711 itu
891 3660 944 3712 rud.
963 3659 1033 3716 Vide
1048 3679 1120 3734 quae

55 3722 140 3777 fratri
164 3724 359 3777 manumissum
383 3721 512 3774 Tironem
536 3725 691 3803 gratulatus
715 3727 824 3796 scripsit
846 3726 963 3803 Quintus
991 3726 1044 3793 (ad
1064 3727 1118 3783 div.

58 3789 184 3856 16,rb):
210 3790 263 3845 »si
285 3789 355 3842 enirn
379 3786 444 3839 mihi
464 3787 543 3841 Statii
556 3790 676 3857 fidelitas
700 3801 727 3843 at
744 3791 888 3865 frugalitas
908 3802 949 3845 est
967 3802 1059 3848 tantae
1077 3812 1121 3847 eo·

57 3852 181 3925 luptatis
198 3867 249 3911 etc.
263 3889 294 3898 -
324 3857 420 3925 specr'es
434 3855 492 3922 ipra
502 3879 534 3901 =
552 3855 610 3906 sola
627 3855 763 3927 cogitatio.
776 3890 810 3903 -
839 3861 878 3910 ric
891 3859 982 3912 habeto
998 3885 1030 3908 =
1044 3860 1118 3914 seito.

56 3951 90 3963 -
114 3937 167 3976 ror.
188 3926 235 3992 qui
252 3925 281 3974 de
302 3934 328 3974 te
346 3921 452 3979 decrat.
473 3919 531 3970 cell.
558 3917 794 3989 detrectatorum,
820 3922 1039 3995 vituperatorum
1061 3937 1121 3979 tuo·

55 4004 129 4039 rum,
150 4019 183 4031 -
217 3989 312 4039 uellent
335 3985 409 4040 dedit
426 3987 491 4040 Era.
508 3985 666 4041 coniectura
686 4005 741 4060 pro
765 3990 837 4062 vulg.
855 3991 954 4053 vebat,
978 3992 1120 4046 utstatim

55 4052 184 4127 sequitur
202 4054 379 4124 loquerentur.
