2768 4866
253 942 315 1030 M.
345 942 553 1032 'runnu
583 936 909 1031 CICERONIS

53 1102 438 1209 nrisronnnnm
470 1129 545 1204 An
580 1128 826 1220 conruunt
857 1125 1119 1231 rennuunt

301 1364 303 1369 ,
375 1268 537 1346 nrnnn
562 1267 802 1348 rnurws.

515 1470 686 1486 *-

420 1617 687 1698 tunsione
718 1618 750 1694 I.

76 1771 185 1852 scripu
203 1771 304 1851 purtim
324 1771 353 1830 in
374 1769 512 1849 Arpinati,
532 1771 632 1848 pretim
652 1768 755 1829 Rornae
774 1782 870 1828 menso
889 1763 1046 1867 Septembri
1066 1764 1099 1827 rt

238 1869 271 1930 U.
293 1867 322 1930 C.
346 1867 405 1928 700
427 1872 467 1944 [e.
490 1866 551 1928 (ils.
573 1868 630 1941 nt)
651 1865 748 1928 isdem
768 1866 935 1927 oonsulibus.

58 2009 269 2077 Araumcntum.
298 1997 402 2056 Scribit
416 2015 446 2053 se
459 1996 554 2076 Quinti
566 1998 645 2052 villas
659 1995 773 2067 obiisse,
785 1997 880 2072 ibique
892 1997 921 2053 in
933 1995 1121 2053 aedificatione

155 2085 291 2160 quaedam
308 2094 356 2139 sut
371 2082 525 2138 correxisse
539 2090 587 2139 aut
597 2080 770 2135 constituisse
789 2080 884 2149 1-63
909 2077 1006 2134 deindo
1024 2078 1057 2133 de
1076 2097 1122 2133 ur·

158 2170 246 2222 bonae
259 2164 357 2221 domus
370 2165 536 2238 expolitione
553 2165 585 2232 6,
602 2173 629 2217 ct
643 2162 738 2242 Quinti
752 2161 808 2216 lilio
825 2181 851 2234 7.
883 2162 954 2215 Tum
970 2161 1122 2234 respondet

158 2248 348 2320 compluribus
363 2247 457 2328 Quinti
472 2246 609 2320 epistolis3
633 2245 739 2317 primns
753 2245 872 2316 longiori
886 2244 942 2298 8-
952 2262 998 2312 ιο,
1023 2243 1121 2298 deinde

156 2329 324 2384 minusculae
342 2347 390 2397 ιι,
408 2332 467 2383 tum
482 2327 582 2383 tertiae
602 2344 647 2396 ro,
664 2325 782 2399 denique
799 2336 915 2398 quartae
934 2327 965 2381 nd
981 2324 1123 2399 perveteri

157 2409 206 2464 sed
229 2425 293 2464 sero
317 2408 415 2464 allatae
441 2411 570 2478 nrt-163
597 2400 743 2481 ¹postremo
768 2407 946 2475 novissime,
972 2424 1055 2479 quam
1080 2405 1122 2475 ei,

158 2506 244 2564 quum
265 2491 334 2545 benc
352 2491 494 2564 epistolam
511 2489 564 2544 iam
580 2491 774 2563 complicaret,
790 2490 928 2546 tabellarii
943 2488 1121 2544 reddiderant

159 2591 280 2645 17-22.
315 2573 463 2647 Subiungit
475 2571 628 2647 quaedem,
644 2573 697 2628 elia
713 2572 772 2627 eliis
786 2569 883 2627 diebus
898 2571 1001 2643 scriptu
1015 2571 1121 2626 ud-ob.

320 2744 513 2814 mineus
541 2742 582 2826 o.
609 2744 786 2816 rusum
812 2740 862 2839 s..
938 2828 940 2833 ¹

130 2835 230 2963 Ego
252 2891 296 2942 ex
316 2877 452 2963 magnis
475 2873 701 2940 caloribus-
717 2895 784 2940 non
807 2874 894 2942 onim
915 2872 1124 2943 meminimus
1162 2876 1190 2943 1.
1211 2877 1242 2943 l.

56 2980 202 3046 melones
222 3018 264 3029 -
284 2981 319 3045 in
337 2979 493 3065 Arpinati
514 2996 642 3046 summe
664 2998 737 3045 cum
758 2983 962 3050 amoenitate
977 2982 1121 3049 fluminis

55 3105 109 3152 me
136 3086 243 3154 reieci
269 3085 421 3152 ludorum
450 3084 586 3175 diebus,
618 3087 795 3154 Philotimo
822 3087 998 3154 tribulibus
1026 3107 1121 3154 com·

57 3189 236 3261 mendatis.
286 3194 327 3259 ln
348 3195 485 3261 Arceno
514 3212 545 3261 u
575 3194 606 3264 d.
633 3194 713 3260 llll.
737 3194 819 3261 Idus
841 3194 940 3282 Sept.
961 3195 1018 3260 lui.
1069 3195 1122 3263 lbi

122 3393 145 3449 1.
178 3401 202 3463 ς.
222 3412 244 3448 ι.
277 3414 328 3451 nm.
366 3399 470 3460 amnui,
486 3395 619 3467 Fibrcni;
643 3417 673 3451 c.
683 3396 716 3452 de
731 3399 801 3478 legg.
818 3417 847 3469 s,
866 3419 888 3456 ι.
901 3401 924 3455 3.
949 3397 1107 3458 stituit

55 3460 165 3539 duo..-
199 3460 321 3512 ludorum
363 3479 525 3516 omanorum
542 3477 563 3518 s.
577 3479 755 3536 magnorum,
773 3467 822 3538 qui
840 3484 855 3520 e
871 3466 962 3538 pridie
977 3465 1069 3528 Nonas
1086 3440 1121 3524 ed

54 3525 146 3646 pridie
165 3525 231 3580 Idus
247 3526 420 3605 Septembris
437 3527 464 3582 ln
482 3529 587 3584 Palatio
602 3541 664 3584 ente
680 3531 777 3586 Matris
795 3550 908 3607 magnac
925 3534 1075 3613 templum,
1092 3545 1120 3591 ct

77 3589 142 3645 tduo
158 3592 304 3647 intermissi
320 3608 372 3664 per
386 3594 510 3667 quinque
523 3595 578 3650 dics
594 3596 621 3650 in
637 3596 717 3652 Circo
732 3598 848 3654 marimo
861 3599 895 3651 ab
913 3598 1046 3654 aedilibus
1060 3619 1119 3657 our.

56 3659 85 3713 in
100 3658 232 3711 honorem
249 3675 409 3726 magnorum
425 3662 533 3713 deorum
548 3662 651 3735 (lovis,
666 3663 777 3718 Iunonis
791 3675 819 3718 et
833 3665 987 3734 Minervae)
1008 3684 1061 3736 pro
1079 3685 1120 3722 ss·

55 3725 114 3779 lutc
135 3724 233 3804 populi
251 3724 361 3777 fiebunt
384 3728 420 3780 V.
436 3727 469 3780 de
482 3729 561 3784 Orat.
575 3749 603 3795 ι,
617 3744 641 3798 7.
657 3763 692 3776 -
724 3726 875 3793 Piniotr'mo,
894 3730 996 3787 liberto
1012 3734 1121 3789 Cicero·

56 3791 98 3845 nis
116 3792 159 3844 vel
173 3801 266 3863 potrus
281 3791 435 3845 Terentiae.
469 3796 504 3849 V.
520 3793 554 3847 ad
571 3799 628 3863 stt,
646 3813 677 3862 n,
691 3797 723 3863 4,
738 3814 770 3866 73
787 3800 818 3864 4,
835 3814 871 3849 ro.
884 3795 918 3850 ed
935 3798 989 3854 div.
1004 3799 1037 3866 3,
1052 3818 1076 3870 ι).
1088 3832 1120 3847 -

57 3858 120 3913 trid.
138 3857 296 3919 commend,
313 3855 397 3911 uteie
414 3858 504 3911 locum
519 3860 552 3914 ed
568 3861 730 3932 spectandos
747 3861 828 3917 iudos
842 3861 929 3919 deret.
946 3867 1033 3920 Moris
1048 3866 1120 3920 enim

57 3932 133 3981 erat.
152 3933 183 3976 ut
198 3923 289 3976 amicis
310 3933 338 3977 ot
359 3922 524 3989 tribulibus,
542 3936 625 3998 atquc
644 3928 724 3981 etium
740 3928 886 3984 clientibus
905 3940 932 3985 et
953 3932 981 3986 in
996 3931 1071 3985 circo
1094 3943 1123 3986 et

56 3990 84 4042 in
105 3989 168 4041 foro
189 3989 267 4042 locun
285 3987 319 4042 ad
339 3989 518 4062 spectandum
536 3988 659 4046 darctur.
696 3995 731 4048 V.
752 4011 807 4115 Κιο
821 3996 896 4050 Mur.
909 3997 950 4064 34.
972 3997 1006 4050 erl
1021 4004 1078 4052 Att.
1091 4014 1121 4064 n,

58 4073 89 4122 1,
107 4055 131 4108 ὅ.
169 4055 284 4107 uisum
304 4055 330 4108 h.
345 4057 363 4109 l.
384 4065 448 4111 sunt
461 4057 625 4129 Arpinates,
650 4059 699 4131 qui
715 4059 751 4115 tri
774 4079 806 4116 us
823 4062 968 4118 Corneliae
982 4072 1077 4128 eraut,
1094 4074 1122 4117 st

55 4117 189 4174 ludorum
204 4119 418 4192 spectandorum
433 4139 515 4180 cruce
531 4125 645 4180 Romam
662 4138 805 4184 venerunt.
820 4161 854 4175 -
888 4134 1008 4192 Arcano,
1028 4129 1122 4207 Quinti
