2768 4866
271 265 323 338 89
413 271 450 332 Μ.
472 269 503 331 Τ.
525 266 709 331 CICERONIS
732 265 886 329 aristot..
907 267 955 329 AD
975 268 1008 341 Q.
1029 267 1206 338 FRATREM

271 451 392 520 suasit.
443 446 606 518 Crassum
632 445 804 514 consulem
829 464 875 512 ex
902 449 1026 513 senatu
1047 445 1183 514 domum
1206 447 1346 536 reduxi3

270 557 422 644 suscepit
442 573 513 623 rem
533 555 683 643 dixitque
704 571 803 640 esse,
832 552 922 641 quod
944 551 1082 621 Clodius
1103 553 1169 620 hoe
1192 557 1346 642 tempore

271 667 409 752 cuperet
428 680 490 749 per
511 681 551 729 se
572 668 609 729 et
628 681 690 750 per
709 662 903 750 Pompeium
924 660 1106 746 consequi:
1140 665 1270 745 putare
1292 680 1345 748 se,

212 846 216 855 ,
270 772 301 837 si
315 789 384 858 ego
397 789 472 837 eum
486 789 554 836 non
571 769 786 859 impedirem,
808 786 913 856 posse
929 786 982 834 me
1000 767 1144 853 adipisci
1161 768 1244 834 sine
1262 786 1345 834 oon-

268 879 421 944 tentione
439 877 528 964 quod
543 876 679 942 vellem.
721 876 842 942 Totum
864 876 895 941 ei
914 875 1087 962 negotium
1109 877 1258 961 permisi
1273 894 1344 942 me-

268 1002 333 1071 que
353 985 390 1050 in
411 984 484 1051 eius
506 986 678 1069 potestate
699 980 769 1049 dixi
789 981 874 1050 iore.
916 982 1173 1050 Interfuit'huio
1193 984 1344 1049 sermoni

265 1086 306 1155 P.
329 1089 480 1158 Crassus
502 1087 723 1177 adolescens,
743 1091 870 1179 nostri,
891 1094 929 1155 ot
947 1092 1036 1179 seis,
1055 1089 1341 1156 studiosissimus.

265 1195 354 1262 Illud
376 1200 507 1281 autem,
530 1195 618 1283 quod
641 1195 732 1283 eupit
753 1194 911 1286 Clodius,
932 1198 987 1262 est
1005 1195 1136 1283 legatio
1153 1196 1292 1282 aliqua:
1313 1196 1341 1261 si

265 1305 374 1368 minus
396 1322 457 1390 per
477 1308 653 1392 senatum,
680 1321 743 1390 per
768 1303 949 1391 populum,
977 1302 1084 1369 libera
1111 1308 1173 1369 aut
1194 1303 1339 1390 Byzan-

264 1411 347 1476 tium
368 1416 428 1476 aut
447 1411 497 1475 od
508 1411 728 1499 Brogitarum
742 1415 802 1477 aut
815 1399 1001 1494 utrumque.
1042 1407 1153 1474 Plena
1167 1427 1229 1474 res
1243 1431 1338 1475 num-

263 1537 401 1585 morum.
445 1516 543 1603 Quod
564 1536 632 1608 ego
655 1537 723 1584 non
742 1515 877 1583 nimium
899 1515 1038 1603 laboro,
1059 1515 1163 1583 etiam
1184 1517 1218 1581 si
1233 1517 1336 1583 minus

263 1642 451 1713 assequor,
473 1624 561 1711 quod
583 1625 675 1691 volo.
716 1624 897 1709 Pompeius
914 1628 1028 1691 tamen
1044 1641 1119 1689 oum
1133 1621 1269 1695 Crasso
1287 1626 1335 1692 lo·-

264 1735 361 1799 eutus
377 1736 442 1799 est.
467 1722 636 1817 Videntur
650 1731 823 1819 negotium
839 1733 1047 1817 suscepisse.
1083 1730 1125 1800 Si
1137 1732 1333 1817 perficiunt:

264 1840 399 1930 optime.
455 1836 521 1907 Sin
547 1838 680 1935 tompus:
711 1837 758 1905 ad
783 1843 934 1906 nostrum
961 1839 1095 1917 Iovem,
1111 1843 1332 1907 revertamur.

211 2000 220 2019 .
262 1949 308 2017 Δ.
329 1947 362 2016 d.
383 1942 448 2035 111.
471 1945 523 2015 ld.
541 1938 663 2035 Maias!
677 1949 820 2029 senatus
838 1946 1033 2013 ¹consultum
1059 1949 1117 2014 est
1144 1946 1280 2016 factum
1298 1947 1332 2014 de

262 2182 295 2217 ea
307 2181 363 2216 aen.
378 2163 450 2217 dom.
457 2163 563 2225 redum)
578 2160 693 2217 honoris
707 2177 800 2231 sauss.
824 2164 860 2217 V.
873 2163 962 2234 intpp.
976 2159 1010 2214 ad
1020 2159 1078 2216 cic.
1095 2158 1130 2215 de
1143 2173 1251 2219 seneet.
1269 2170 1291 2231 §.
1301 2164 1330 2218 63.

256 2236 294 2272 ’-
308 2244 358 2299 per
370 2248 410 2293 ae,
424 2230 564 2284 Crassum.
579 2238 609 2270 ·'·'
625 2226 676 2299 ped
686 2229 847 2298 Pompeium,
860 2245 981 2300 quocum
995 2226 1110 2282 Clodius
1125 2243 1202 2282 anno
1214 2230 1330 2302 proximo

262 2296 292 2351 iu
315 2294 430 2414 grptiam
453 2295 592 2376 redierat,
621 2296 853 2414 concionemqueb
862 2294 1065 2375 acerbissimam
1087 2294 1332 2414 inhMar-eellinom

263 2365 508 2497 iiidid'd'ss'i
523 2472 529 2485 .
547 2363 728 2500 tiittttt
739 2362 1278 2506 {⁰3³3d⁸o.⁰¹3‡¹⁸¹ii‚¹if‘¹onii.⁰.if'⁸fl
1304 2365 1333 2478 Y.

264 2496 503 2618 ssmlpohofeogsore
520 2495 615 2614 ἰὰεΑξὲ
625 2495 859 2613 ςνεῑίΐιοαὲυῖιιιη,
874 2510 966 2610 granta
981 2493 1137 2610 ΐεὲωὲυπι,
1152 2511 1228 2566 quae
1243 2493 1331 2610 veiif't.

294 2603 300 2617 .
384 2601 390 2615 .
472 2600 479 2616 .
685 2578 723 2614 ro.
760 2576 805 2612 ne
829 2575 871 2612 me
893 2603 900 2615 .
926 2591 959 2602 -
1025 2597 1030 2613 .
1073 2576 1170 2613 rossus
1214 2577 1328 2613 consuas

262 2626 352 2685 filino.
363 2580 408 2683 ¹V.
421 2579 478 2682 did.
491 2581 570 2683 Barut.
584 2627 625 2682 81.
636 2581 675 2679 ¹u'd
692 2625 744 2679 dir.
762 2624 794 2692 ὅ,
807 2625 841 2693 8,
853 2627 878 2692 d.
897 2626 971 2681 Plut.
987 2627 1033 2679 vit.
1049 2626 1105 2680 cic.
1121 2626 1164 2682 33.
1177 2599 1271 2681 ²Crass.
1285 2624 1324 2678 26.

238 2695 375 2755 [Patrem
391 2694 418 2747 in
435 2695 554 2749 Parthos
572 2704 683 2746 uerutus
703 2693 795 2764 periit.
814 2725 845 2735 -
878 2710 927 2763 per
942 2692 1079 2761 populum.
1115 2691 1218 2749 Lamb.
1238 2695 1266 2744 ot
1284 2707 1330 2761 per

259 2778 324 2833 pop.
359 2759 521 2815 Dandarum
539 2761 707 2833 legationum
721 2758 764 2813 ius
783 2774 869 2831 penes
887 2768 1031 2825 senatum,
1048 2769 1130 2812 oontr
1172 2777 1208 2813 ue
1231 2775 1332 2812 morem

263 2836 341 2892 erat,
366 2843 413 2881 eae
435 2843 451 2880 a
473 2827 582 2900 popolo
604 2838 710 2899 petere.
747 2826 782 2881 V.
801 2835 973 2879 commentat.
989 2841 1077 2878 meam
1096 2824 1130 2878 do
1170 2836 1246 2885 enat.
1259 2827 1332 2879 Rom.

284 2894 342 2948 ,38
358 2909 399 2964 sq.
418 2923 452 2934 -
486 2895 656 2964 Byzantium,
678 2904 739 2947 uta
759 2895 782 2946 B
802 2891 912 2958 aantiie,
936 2908 1007 2964 quos
1026 2891 1159 2946 tribunus
1177 2892 1273 2961 plebis
1290 2907 1329 2970 eoa

262 2912 325 3032 sege
340 2958 376 3010 ab
394 2958 542 3039 exiiioper
565 2960 603 3012 Μ.
619 2961 753 3038 Catonem
784 2958 924 3039 'tieensem
952 2958 1082 3075 (ιᾰΡὲιιῑ.
1099 2958 1147 3040 rit.
1166 2960 1247 3030 Cat.)
1264 2968 1329 3040 repu-

262 3032 379 3145 {i‘diit
396 3058 399 3066 '
418 3041 559 3153 titt?
582 3035 880 3145 tutti-totta:
893 3043 982 3145 'irai
995 3035 1128 3168 ..itti
1164 3027 1330 3164 ittgttt:

263 3155 481 3212 Gallo-Graeco
498 3157 626 3234 regisque
644 3156 767 3211 Deiotari
807 3174 902 3225 onero,
921 3155 1036 3210 Clodius
1055 3156 1188 3212 tribunos
1210 3156 1331 3212 sacerdo·

262 3221 331 3278 tium
354 3224 473 3295 Mago-ae
489 3223 588 3276 Matris
604 3240 624 3275 a.
646 3222 766 3292 Cybeles
783 3174 805 3277 Ιξ

263 3289 343 3356 dote,
357 3286 534 3355 vendiderat,
552 3288 633 3362 eique
648 3289 720 3362 regia
734 3307 834 3345 nomen
851 3289 973 3344 dederat.
1008 3291 1043 3344 V.
1058 3290 1112 3343 Cio.
1130 3307 1186 3361 pro
1204 3289 1332 3346 sextat.

263 3353 337 3434 dom.
351 3371 390 3434 ap.
407 3353 442 3407 de
457 3354 570 3434 heruap.
584 3371 708 3438 respons.
724 3357 816 3429 13.a7.
847 3357 935 3410 Huius
950 3372 1065 3426 quoque
1080 3359 1259 3428 syngraphas
1274 3357 1331 3412 cto-

263 3418 324 3474 drus
339 3436 448 3493 exigere
464 3421 549 3475 volant
564 3422 616 3476 hoe
630 3423 737 3477 ttinere.
749 3455 782 3469 -
817 3423 888 3478 Plan.
905 3439 947 3474 aea
965 3440 1034 3474 nom.
1058 3422 1180 3476 Mettum
1199 3424 1330 3495 pecuniae

264 3501 297 3541 ex
312 3486 364 3540 hac
379 3503 411 3540 rs
427 3486 521 3559 colligi·
532 3498 629 3560 potest.
645 3520 677 3531 -
710 3490 747 3541 od
762 3502 845 3542 nostr.
863 3490 966 3550 Iovem,
983 3489 1330 3562 ut*oa‚;quae1upiteriu

263 3555 390 3624 podmate
406 3551 439 3605 de
455 3554 630 3625 temporibus
642 3554 698 3609 suis
712 3566 818 3616 monet,
832 3553 982 3622 faciamue3
1000 3555 1127 3608 nimirum
1146 3565 1196 3624 ut,
1216 3555 1330 3611 etiamsi

262 3620 352 3739 {airadus
367 3636 399 3672 ex
414 3620 548 3739 senteptia
563 3621 701 3693 respubl.
717 3621 941 3689 administretur,
959 3637 1072 3674 suorum
1088 3631 1181 3677 tamen
1199 3625 1330 3680 virtutum

274 3700 309 3737 uu
330 3700 346 3736 e
363 3703 392 3740 se
408 3698 576 3741 consuetur.
1201 3724 1204 3731 -

330 3785 357 3846 ς.
376 3780 399 3832 3,
434 3779 464 3829 de
480 3779 589 3832 omitto.
624 3776 770 3849 Pompeius
787 3787 815 3832 et
829 3779 946 3833 Crassus
961 3780 1038 3834 Coss.
1052 3796 1155 3852 quom,
1174 3780 1330 3862 petentibus

262 3854 424 3916 praeturam
442 3847 481 3899 Μ.
500 3844 601 3898 Porcio
619 3845 725 3898 Catone
743 3857 770 3899 et
788 3846 818 3898 P.
836 3844 960 3914 Vatinio,
980 3847 1051 3912 hune
1064 3846 1266 3918 nequissimum
1280 3862 1330 3901 om·

262 3909 338 3963 nium
356 3909 394 3963 iili
412 3909 590 3984 integerrimo
607 3910 660 3964 civi
678 3910 810 3966 anteferri
828 3913 945 3979 veilent,
972 3927 1064 3984 oeque
1080 3913 1107 3964 id
1127 3914 1259 3968 obtinere
1276 3915 1329 3968 sine

263 3974 368 4030 ambitu
391 3987 520 4046 possent,
545 3979 674 4031 timerent
701 3989 811 4044 autem,
836 3994 870 4032 ne
887 3979 1013 4032 Vatinius
1037 3978 1141 4032 electus
1166 3978 1201 4034 de
1229 3979 1329 4036 ambitu

263 4052 444 4098 accusaretur
458 4052 486 4096 et
499 4041 750 4097 condemnaretur:
775 4045 867 4110 scta,
884 4045 960 4117 qnod
976 4043 1076 4097 Cicero
1093 4045 1245 4119 signifieat,
1272 4063 1330 4102 cau·

262 4118 322 4163 tum
337 4120 394 4177 est,
411 4119 442 4164 ut
457 4119 602 4181 praetores
616 4111 702 4164 creati
715 4110 805 4168 statim
818 4108 892 4165 hune
904 4109 1094 4184 magistratum
1108 4112 1226 4184 inirent,
1242 4129 1330 4188 neque

807 3222 986 3290 statuendae,
1013 3224 1130 3294 expulso
1149 3223 1229 3279 iusto
1252 3240 1332 3279 sacer·
