2768 4866
202 260 276 333 142
356 267 392 329 bt.
405 267 436 328 T.
456 265 639 330 CICERONIS
659 264 813 332 EPISTOL.
835 270 884 331 AD
905 270 937 344 0.
960 273 1129 337 FRATREM

201 446 408 536 prodesset
428 445 471 515 de
491 449 622 516 radone
642 448 795 541 dicendi,
824 452 914 519 belle
942 470 964 520 a
984 471 1037 520 me
1057 455 1270 546 'removisset

201 555 245 621 sd
266 571 329 621 eos
350 559 463 622 tamon
482 555 666 642 retulisse,
688 573 770 641 qnos
791 559 867 645 ipse
885 559 1070 628 vidissent
1092 563 1268 632 Aristote-

199 656 453 751 tenduntque,
486 677 573 749 quae
601 662 645 729 de
672 679 711 727 rs
740 664 876 751 publico
905 670 940 732 et
968 670 1166 751 praestante
1195 671 1268 736 viro

126 757 159 826 2.
200 768 344 856 scribat,
359 769 468 855 ipsum
480 754 584 858 loqui.
627 769 815 837 commovit
829 788 901 860 me,
923 776 960 837 et
972 788 1014 838 eo
1029 773 1161 863 magis,
1181 775 1268 861 quod

198 875 362 941 maximos
391 880 501 944 motus
528 883 670 947 normae
698 880 847 946 civitatis
873 880 1048 965 attingere
1076 896 1145 945 non
1166 887 1266 966 pote·

198 992 293 1071 ram,
322 983 412 1070 quod
439 993 538 1055 erant
560 987 759 1072 interiores,
792 998 889 1071 quum
910 984 1043 1052 iliorum
1064 990 1182 1077 aetas,
1215 992 1266 1077 qui

198 1087 431 1176 loquebantur.
480 1088 561 1181 Ego
587 1098 699 1161 autem
719 1090 884 1178 idipsum
905 1096 973 1157 tnm
995 1108 1088 1159 eram
1109 1102 1265 1184 secutus,

198 1212 243 1263 na
264 1199 299 1263 iu
319 1201 439 1264 nostra
459 1203 610 1286 tempora
630 1202 807 1267 incurrens
837 1199 1039 1267 offenderem
1067 1204 1264 1289 quempiam.

198 1303 1265 1395 Mmmnmmmmmmmmmme

200 1424 289 1498 quae
309 1411 541 1502 institueram,
572 1413 616 1479 ad
647 1419 699 1500 te,
731 1412 762 1477 si
787 1404 927 1477 Romam
956 1425 1099 1500 venero,
1129 1414 1265 1480 mittum.

198 1516 285 1583 Puto
306 1506 394 1585 onim
416 1522 451 1586 te
472 1520 741 1585 existimaturum
762 1534 783 1584 a
804 1530 858 1584 mo
877 1518 954 1584 illos
975 1518 1078 1586 libros
1101 1538 1172 1585 nou
1194 1521 1264 1589 sine

117 1617 152 1686 3.
195 1623 305 1710 aliquo
332 1642 406 1691 moo
436 1627 619 1692 stomacho·
638 1642 719 1692 esse
745 1626 897 1693 relictos
949 1625 1109 1694 Cessatis
1136 1641 1264 1716 amore,

198 1740 297 1817 quem
318 1728 437 1796 adme
458 1731 679 1820 perscripsit,
701 1733 801 1797 unice
823 1730 996 1799 delector:
1017 1732 1198 1816 promissis
1217 1734 1266 1822 iis,

197 1847 283 1922 quae
305 1833 477 1924 ostendit,
509 1854 575 1900 non
598 1836 699 1904 valde
730 1831 885 1924 pendeo:
917 1854 982 1904 nee
1009 1838 1091 1904 sitio
1119 1838 1265 1911 honores

195 1956 261 2008 nee
282 1940 439 2008 desidero
461 1941 629 2029 glorians
650 1947 825 2032 magisque
842 1945 915 2010 eius
932 1932 1120 2010 voluntatis
1139 1964 1266 2034 perpe-

198 2052 373 2141 tuitatem,
405 2069 503 2138 quarn
531 2053 771 2137 promissorum
801 2056 924 2119 exitum
945 2059 1120 2140 exsperto.
1178 2057 1261 2124 Vivo

197 2161 310 2224 temen
338 2159 374 2222 im
402 2175 445 2223 eu
472 2157 650 2225 ambitione
678 2163 713 2225 et
741 2160 874 2247 labore,
904 2164 1072 2246 tamquam
1092 2160 1150 2249 id,
1182 2160 1263 2250 quod

116 2264 155 2331 4.
196 2283 264 2331 non
278 2263 432 2350 postulo,
455 2272 660 2351 exspectem.
705 2265 803 2350 Quod
823 2286 877 2334 me
900 2266 942 2332 de
960 2268 1117 2334 versibus
1132 2270 1264 2336 fatien-

197 2370 250 2438 dis
278 2389 407 2459 rogaS,
438 2371 636 2439 incredibile
666 2376 740 2459 est,
772 2373 817 2437 mi
848 2372 975 2461 irater,
1011 2392 1111 2459 quam
1141 2395 1264 2463 egeam

196 2574 260 2635 belle
276 2607 308 2632 =
326 2591 407 2654 apte,
431 2580 506 2650 iuro,
530 2579 646 2649 merito,
661 2596 697 2633 ne
715 2577 825 2633 viderer
844 2576 908 2654 milri
925 2576 1080 2651 perfeetum
1096 2576 1198 2632 dicendi
1213 2593 1257 2631 ra·

194 2646 296 2702 tionem
310 2665 376 2702 arro
397 2664 452 2702 are.
469 2680 511 2717 -,
542 2664 559 2698 a
576 2665 615 2698 ote
632 2647 818 2698 remorasse:
836 2661 886 2698 ore
903 2663 965 2699 meo
981 2664 1036 2700 non
1054 2645 1206 2719 protulisse.
1223 2676 1254 2688 -

195 2733 260 2786 quos
276 2718 330 2786 spos
346 2665 467 2771 or‘tiissem
484 2722 568 2784 atque
585 2728 667 2784 saepe
688 2709 808 2787 dieentes
825 2709 977 2766 audissem·
1005 2713 1149 2830 pressum.
1175 2716 1258 2764 Anto-

193 2772 284 2850 nium,
298 2780 474 2847 Scaevolam,
489 2777 635 2849 Catulum,
650 2780 813 2845 Caesarem,
828 2774 953 2844 Cottam,
968 2751 1009 2833 §u
1021 2778 1140 2850 picium,
1158 2779 1261 2852 quibus

192 2847 221 2901 im
241 2846 321 2903 libris
343 2845 378 2902 de
393 2856 508 2901 oratore
527 2844 653 2900 attribuit
673 2861 836 2899 sermonem.
870 2845 912 2898 Ex
930 2845 1074 2912 hisvero,
1098 2861 1170 2922 quus
1187 2845 1214 2898 in
1231 2843 1262 2897 li·

193 2913 252 2967 bris
268 2910 302 2968 de
315 2902 461 2985 republica
477 2909 721 2984 loquentesl'acit‚
738 2910 846 2966 nonnisi
857 2909 1019 2966 Scaevolam
1035 2927 1109 2984 puer
1127 2911 1264 2986 cognouit.

193 2981 229 3037 V.
245 2977 279 3032 de
293 2980 369 3032 amic.
385 2998 397 3032 ι
414 2997 458 3049 pr.
477 3011 508 3023 -
542 2979 628 3047 speum
645 2977 736 3048 loqui,
756 2994 807 3031 ora
823 2994 873 3031 suo
888 2977 1028 3051 prolerre.

258 3082 286 3143 ς.
304 3088 328 3127 a.
362 3073 508 3124 Gommdst‘t
523 3085 571 3125 me.
613 3070 702 3124 Suum
725 3081 817 3126 tmneu
839 3071 1000 3126 Ciceronem
1022 3069 1179 3124 institutum
1200 3087 1262 3142 per·

193 3150 319 3195 secutum
333 3154 393 3193 esse
407 3154 440 3191 ex
453 3135 614 3210 fragmentis
628 3137 727 3192 nostris
737 3137 915 3210 temporibus
928 3137 1050 3210 repertis
1066 3146 1095 3191 et
1107 3142 1141 3190 οι·
1156 3137 1262 3190 somnio

192 3207 330 3278 Scipionis
346 3213 470 3278 apparet.
485 3235 517 3246 -
552 3202 691 3272 abseriores
703 3203 723 3256 i.
739 3220 762 3259 e.
780 3205 944 3279 posterioris
956 3203 1099 3286 temporis.
1113 3236 1148 3248 -
1182 3204 1213 3255 id
1227 3207 1262 3272 ip

192 3286 251 3325 sum
338 3288 411 3325 mom
427 3275 534 3322 secutus
550 3291 583 3318 =
602 3269 653 3323 hoo
670 3285 762 3323 meum
780 3271 955 3342 propositum
979 3269 1174 3324 s..rnstitutnm
1194 3278 1263 3323 erut.

191 3372 225 3384 -
241 3338 396 3408 effunderem
413 3335 570 3410 attingendo
583 3336 714 3390 maximos
730 3347 821 3392 motus
835 3348 947 3400 nostrae
959 3335 1083 3391 civitatis.
1096 3366 1130 3379 -
1166 3335 1263 3406 loquar

191 3406 246 3474 ipim
258 3417 344 3460 terum
350 3442 361 3468 ,
377 3414 421 3456 rdo
434 3403 525 3474 ipsum
537 3413 628 3456 tecum
642 3402 676 3456 de
690 3403 836 3474 republica
848 3401 1010 3476 loquentem
1025 3399 1168 3467 inducam
1185 3398 1261 3471 quod

191 3480 283 3525 tamen
299 3488 356 3524 non
374 3469 448 3528 ierit.
470 3499 503 3510 -
536 3470 584 3520 illa
591 3499 603 3530 ,
619 3487 686 3540 quoe
699 3472 886 3532 institueram,
907 3469 994 3534 duos,
1019 3484 1092 3540 quos
1112 3482 1262 3538 coeperam

189 3534 329 3603 seribere,
346 3534 443 3591 libros.
477 3539 513 3592 V.
529 3540 553 3606 §.
568 3554 589 3590 1.
606 3567 639 3580 ·-
672 3538 782 3588 Romam
798 3545 893 3586 renero·
909 3551 942 3588 ex
958 3535 1125 3588 Tusculano.
1142 3566 1176 3577 -
1210 3549 1262 3584 nort

188 3604 245 3653 siae
261 3602 324 3673 aliq.
342 3620 398 3654 meo
414 3604 566 3665 semusto,
590 3599 734 3674 quodiam
751 3610 881 3672 coeptum
902 3618 973 3674 opus
993 3618 1049 3654 non
1068 3599 1192 3654 libenter
1213 3598 1259 3650 im·

189 3667 346 3740 perfeetum
362 3667 493 3723 abiecerit
509 3679 594 3740 atque
611 3667 741 3722 omiserit.
789 3734 793 3739 Ι
959 3677 962 3684 ’

256 3768 283 3831 ς.
300 3762 324 3816 3.
354 3763 452 3833 pendeo
467 3764 605 3833 pt'omtirst's
628 3759 973 3843 (=a1s.aproutissis)
997 3759 1014 3815 i.
1032 3775 1056 3814 e.
1081 3774 1262 3812 commoveor

189 3827 345 3947 promissis,
362 3838 432 3882 curo
449 3845 489 3883 ea.
506 3860 540 3872 -
581 3831 693 3882 sitio:
711 3828 888 3887 ve'bemente'r
906 3835 1131 3900 eup10‚expeto.
1152 3858 1187 3872 -
1220 3843 1264 3877 oo·

201 3896 304 3948 aotutr’s
327 3919 359 3944 =
382 3894 606 3961 beneuolentiae,
629 3894 740 3950 amoris.
760 3927 793 3941 -
835 3897 862 3945 ln
880 3912 910 3947 eu
927 3894 1078 3955 ambitione,
1105 3891 1145 3946 nil
1164 3908 1264 3946 earum

188 3978 302 4041 perum,
320 3977 393 4033 quae
409 3961 443 4015 sd
462 3962 581 4016 honores
596 3960 735 4032 parandos
751 3959 858 4029 valent,
874 3959 1116 4032 praetermittent,
1132 3957 1263 4013 omnibus

188 4043 346 4084 inserviens.
1088 4041 1090 4045 ·

255 4129 281 4191 s.
300 4123 325 4188 4.
360 4120 391 4172 a
409 4136 477 4178 aas,
484 4119 546 4185 sao.
581 4122 615 4177 v.
634 4125 658 4190 s.
675 4125 701 4185 4·
719 4086 942 4188 optassamec'ot.
958 4142 998 4160 ..,
