2768 4866
196 247 245 318 ἢ
340 253 377 313 ll.
398 252 429 312 T.
450 249 633 312 CICERONIS
654 250 807 312 nels'roi.
828 252 876 314 ab
898 253 930 324 Q.
952 252 1128 314 FRATREM

35 427 99 500 xl.
114 428 172 504 32·
268 434 381 518 Atque
397 430 473 498 huic
487 433 564 498 tuae
579 429 801 497 voluntatiao
816 428 1017 517 diligentiae
1032 430 1272 500 difficultatem

195 555 356 628 maguam
375 539 519 606 afferunt
537 535 725 624 publicani:
752 535 871 622 quibus
892 537 923 602 si
943 536 1194 628 adversamur,
1218 559 1271 605 or·

196 645 308 715 dinem
329 643 372 711 de
391 643 488 710 nobis
511 645 634 730 optime
652 643 805 709 meritum
825 648 861 709 et
880 661 943 731 per
964 663 1029 710 nos
1051 664 1130 712 oum
1152 666 1196 714 re
1212 667 1270 734 pu·

196 752 284 819 blica
302 752 515 819 coniunctum
530 753 565 816 et
580 767 603 815 a
616 749 715 815 nobls
733 752 805 815 eta
823 749 1010 836 republica
1028 750 1270 839 diiungemus3

196 859 250 926 sin
270 862 381 925 autem
404 857 557 924 omnibus
578 857 613 923 in
633 856 736 922 rebus
757 856 1001 946 obsequemur,
1031 857 1194 925 funditus
1216 877 1270 925 eos

195 966 306 1057 perire
332 966 517 1053 patiemur,
550 983 686 1051 quorum
714 984 782 1032 non
803 964 902 1031 modo
923 962 1042 1050 saluti,
1072 964 1141 1030 sed
1173 966 1270 1038 etiam

196 1069 379 1138 commodis
406 1071 586 1138 consulere
607 1071 779 1144 debemus.
827 1072 925 1138 ilaec
944 1077 1001 1139 est
1020 1090 1106 1156 una,
1133 1073 1168 1137 si
1189 1090 1268 1139 vere

195 1180 353 1264 cogitare
373 1175 547 1267 uolumus,
568 1180 605 1244 in
621 1184 692 1246 toto
708 1178 844 1265 imperio
863 1182 922 1243 tuo
940 1174 1136 1242 difficultas.
1182 1177 1269 1244 Nau

196 1302 276 1352 esse
303 1282 550 1372 abstinentem,
582 1288 756 1354 continere
783 1303 899 1351 omnes
928 1281 1172 1370 cupiditates,'
1190 1302 1269 1350 suos

196 1396 373 1480 coercere,
392 1392 480 1476 juris
502 1392 711 1479 aequabilem
732 1398 851 1471 mucre
868 1393 1049 1479 rationem,
1072 1391 1217 1459 facilem
1234 1408 1269 1456 se

195 1499 232 1565 in
252 1498 353 1566 rebus
375 1500 647 1591 cognoscendis,
673 1503 709 1568 in
730 1499 919 1567 bominibus
940 1497 1120 1564 audiendis
1144 1498 1269 1565 admit-

195 1606 375 1695 tendisque
395 1608 561 1700 praebere
581 1607 790 1695 praeclarum
817 1607 930 1692 magis
957 1609 1033 1692 est,
1065 1621 1174 1690 quam
1204 1603 1271 1671 dii-

195 1714 296 1791 ticile,
346 1715 427 1781 Non
448 1719 504 1783 est
524 1715 612 1786 enim
633 1714 778 1801 positum
797 1713 833 1778 in
853 1711 970 1779 labore
992 1710 1126 1797 aliquo,
1150 1712 1221 1786 sed
1240 1715 1271 1780 in

120 1826 177 1897 aa.
199 1823 342 1912 quadam
363 1821 557 1891 inductione
578 1820 678 1886 animi
705 1822 806 1905 atque
832 1818 1017 1887 voluntate.
1067 1816 1137 1884 llla
1168 1838 1272 1888 causa

197 1927 450 2017 publicanorum
468 1931 624 2012 quantam
643 1924 861 1992 acerbitatem
879 1922 1141 2009 saerosanctis,
1165 1925 1271 1991 iutel-

197 2033 343 2102 leximua
365 2050 410 2099 ex
431 2032 581 2119 civibus,
612 2033 669 2119 qui
688 2047 795 2116 nuper
814 2030 850 2094 in
870 2029 1029 2116 portoriis
1050 2026 1180 2096 ltaliae
1203 2031 1271 2097 tol·

197 2138 327 2221 lendis,
348 2156 416 2204 non
434 2142 503 2210 tam
521 2137 744 2225 deportatio,
767 2156 866 2222 quam
886 2135 929 2202 de
949 2133 1123 2200 nonnullis
1137 2136 1270 2203 iniuriis

193 2248 399 2336 portitorum
412 2245 648 2338 querebantur.
691 2245 803 2330 Quare
819 2245 1043 2331 bonignam,
1065 2242 1147 2327 quid
1167 2243 1269 2311 sociis

199 2419 257 2474 aot.
276 2424 313 2469 aa.
328 2405 405 2479 quod
423 2405 509 2461 debes
525 2408 606 2462 tantis
622 2406 784 2463 honoribus.
800 2438 833 2450 -
866 2402 1019 2464 incommod.
1038 2402 1187 2464 domenum.
1220 2405 1266 2459 Ur·

198 2474 247 2532 sin.
264 2472 419 2528 emendavit
434 2477 566 2537 omnium,
582 2491 639 2546 qua
657 2473 816 2526 coniectura
830 2471 909 2524 facile
929 2484 1062 2522 caremus.

264 2570 310 2624 XI.
332 2567 357 2638 ἱ.
375 2569 416 2623 32.
455 2573 542 2651 Atque
559 2569 584 2621 b.
599 2579 620 2621 t.
637 2585 661 2619 o.
681 2567 757 2620 Part.
775 2564 855 2638 atque
875 2567 929 2630 (oe)
950 2560 1026 2616 initio
1047 2561 1158 2632 periodi
1178 2562 1264 2634 posita

196 2637 343 2692 transitum
357 2644 440 2707 parat
450 2631 485 2687 ad
501 2650 601 2687 novam
616 2633 796 2700 sententiam,
812 2645 960 2703 quaecum
976 2626 1208 2684 antecedentibus
1219 2646 1265 2683 eo·

195 2701 313 2764 haerens
332 2700 439 2774 singula
453 2697 590 2773 quaedam
608 2696 716 2752 definita
735 2709 782 2754 aut
800 2696 940 2751 contraria
960 2694 1088 2765 exponit,
1110 2695 1151 2749 ita
1170 2707 1202 2750 ut
1220 2711 1266 2750 no·

196 2778 271 2822 stro:
301 2769 359 2822 dno
371 2785 441 2829 aun,
460 2783 516 2817 nun
531 2767 605 2829 ader,
612 2764 725 2831 sres'licb
732 2803 743 2828 ,
761 2766 877 2817 indessen
883 2802 895 2826 ,
917 2757 1094 2832 respondeat.
1110 2793 1145 2803 -
1180 2763 1264 2814 dia'aav

193 2850 298 2902 gemae.
326 2833 411 2904 Vulg.
427 2835 614 2900 distringemus.
645 2831 799 2904 Bentivogl.
816 2828 850 2883 ad
868 2831 894 2882 h.
908 2829 927 2882 l.
945 2826 1013 2880 haee
1034 2823 1168 2881 adnotate
1193 2829 1266 2891 „aaa

197 2908 226 2952 et
240 2901 272 2951 di
282 2898 451 2972 praepositio
466 2896 538 2950 idem
554 2897 642 2962 valet,
660 2909 687 2951 et
705 2896 900 2968 compositione
919 2894 1008 2947 solum
1027 2891 1161 2946 variatur.
1192 2899 1264 2948 Ante

184 2957 1094 3095 ·{subtilianttntilli?ttttp‘ttt‘lttdtlttd
1123 2969 1155 3078 ἓξ
1171 2960 1265 3079 liii

196 3092 231 3150 ad
248 3068 302 3152 dtv’.
322 3105 351 3160 ι,
406 3046 465 3148 inii.
487 3094 548 3165 1‚q
568 3094 620 3146 sub
633 3094 690 3147 init.
704 3047 819 3162 l‹b'iaitgo
840 3095 867 3147 in
888 3091 997 3164 optimis
1019 3061 1189 3146 membranis
1213 3044 1265 3165 legi

195 3160 316 3217 affirmat
333 3113 470 3216 ceilarius
487 3160 515 3214 in
534 3175 584 3213 sua
600 3161 757 3234 Ortbogr.“
774 3192 808 3203 -
853 3158 911 3212 ord.
932 3159 963 3229 ds
979 3157 1053 3208 noba
1071 3157 1164 3224 aptabo.
1183 3174 1263 3223 mer..

195 3245 210 3282 e
234 3238 370 3294 uestram,
389 3243 422 3279 ex
435 3243 493 3297 quo
509 3234 588 3279 eraut
603 3226 759 3296 publicani,
777 3236 804 3279 et
819 3226 868 3297 qui
882 3226 910 3278 in
924 3221 1112 3277 coniuratione
1127 3223 1264 3278 Catilinae
1306 3246 1308 3285 ι

195 3294 360 3350 Ciceronem
376 3293 482 3347 assidua
504 3290 678 3346 defendebat
711 3296 753 3345 De
774 3307 806 3345 re
830 3311 854 3345 v.
870 3308 912 3362 ep.
929 3289 964 3343 ad
977 3294 1035 3344 dte.
1056 3286 1263 3362 r‚17.§.9.-
1306 3290 1308 3299 ¹

195 3363 372 3434 obsequemur.
405 3359 479 3414 Alii:
503 3358 675 3429 obsequatur.
707 3358 796 3412 Orell.
816 3358 892 3412 malit
912 3355 1063 3426 utrobique
1078 3353 1134 3432 fut..¹
1150 3356 1261 3429 legerer

195 3428 395 3481 adversabimur
466 3425 645 3495 obsequemur.
659 3459 692 3470 -
725 3443 768 3477 eoa
782 3427 869 3493 perire
879 3436 936 3493 pat.
943 3461 954 3486 ,
972 3425 1087 3478 Asianos
1101 3421 1194 3477 nimiis
1210 3439 1260 3492 pu·

194 3491 369 3548 blicanorum
380 3490 580 3547 vasadonibus.
590 3523 624 3534 -
656 3509 710 3542 esse
722 3490 900 3544 abstinentem.
923 3508 947 3542 v.
961 3487 997 3542 de
1012 3491 1038 3542 h.
1053 3504 1076 3539 r.
1117 3502 1171 3540 uae
1188 3491 1257 3542 Doe-

195 3555 266 3612 deri·
278 3577 420 3631 synonym.
432 3574 499 3631 pars
512 3573 536 3610 a.
551 3571 633 3628 paru
650 3555 820 3627 disputat·
833 3554 946 3624 facilem
961 3574 995 3607 ae.
1019 3557 1052 3607 Se
1065 3501 1259 3608 dedissentde

195 3640 247 3695 pro
263 3635 288 3676 ta
294 3644 303 3693 3
320 3625 390 3679 illud
405 3639 561 3697 pronomen
577 3622 733 3694 requiritur
747 3631 865 3693 propter
879 3617 1000 3680 anteced.
1013 3637 1084 3673 auos.
1100 3651 1133 3663 —
1169 3620 1260 3679 e'nduov

192 3692 265 3743 riona
281 3694 365 3744 am'me'
377 3717 410 3741 =
427 3689 590 3764 proposito,
606 3688 729 3743 consilio.

260 3769 284 3840 b.
300 3772 340 3826 33.
372 3773 422 3827 illa
436 3790 535 3834 ecura,
550 3769 645 3844 agendi
663 3769 734 3824 ratio
747 3768 775 3824 in
786 3769 945 3824 exercendis
961 3766 1149 3838 vectigalibus.
1163 3797 1200 3810 -
1233 3769 1261 3819 ia

212 3841 323 3889 erroneis
335 3841 366 3892 lt.
380 3840 512 3891 tollendis.
533 3839 609 3891 ilaec
623 3837 749 3906 portoria
763 3854 835 3890 anno
850 3834 988 3909 superiori
997 3835 1046 3905 694
1060 3851 1076 3887 a
1090 3835 1123 3904 Q.
1137 3833 1261 3887 Caecilio

228 3902 311 3957 etello
323 3904 431 3975 Nepote
450 3914 599 3975 praetore,
618 3908 652 3974 Q.
663 3903 778 3958 Metello
793 3903 892 3957 Celere
907 3903 995 3959 fratre
1010 3902 1070 3968 ejus
1087 3909 1115 3952 et
1130 3901 1162 3953 L.
1177 3901 1261 3954 Afra·

110 3993 112 3996 ⁴
194 3969 240 4024 nio
256 3970 330 4037 Osa,
353 3986 440 4041 quum
460 3971 598 4023 aerarium
614 3969 718 4040 praede
736 3987 752 4023 a
770 3971 837 4024 Pom
860 3969 902 4023 elo
920 3977 1000 4038 cepta
1020 3964 1167 4021 admodum
1187 3975 1264 4021 esset

194 4045 321 4101 auctum,
342 4036 401 4108 lege
418 4034 536 4088 Caecilia
550 4033 657 4104 dejure
673 4037 767 4089 ltaliae
783 3986 892 4089 subiita
907 4042 1001 4099 erant,
1021 4048 1077 4103 qua
1092 4032 1119 4084 in
1138 4048 1169 4085 re
1190 4033 1260 4087 Cae·

194 4117 241 4158 aar
258 4100 374 4156 maxims
394 4098 591 4169 contenderat,
613 4111 645 4155 ut
666 4100 701 4156 ab
720 4100 796 4158 Italis
815 4098 930 4172 gratiam
953 4098 1043 4155 iniret.
1082 4097 1124 4153 cf.
1143 4097 1180 4153 ad
1198 4103 1259 4155 att.
