2768 4866
189 273 191 277 ’
261 257 313 328 40
403 259 440 320 Μ.
460 258 492 318 Τ.
513 255 696 319 CICERONIS
716 254 869 318 aristot.
891 256 939 317 alt
960 257 991 329 Q.
1014 256 1184 323 FRATREM

258 451 297 514 te
324 462 400 528 oro,
427 446 466 510 ut
491 443 566 530 ipse
593 440 825 508 auctoritatem
854 445 889 507 et
914 447 1161 509 monumentum
1192 441 1332 528 aliquod

261 550 389 619 decreti
418 553 477 617 aut
502 549 675 615 literarum
706 553 837 615 tuarum
866 546 1057 634 relinquas,
1088 545 1179 632 quod
1211 548 1262 613 sit
1289 546 1332 612 ad

259 656 372 724 Flavii
391 674 463 722 rem
483 660 518 722 et
543 654 588 722 ad
614 674 750 723 causam
779 653 1073 722 accommodatum.
1124 654 1212 720 Fert
1240 655 1329 720 enim

259 762 415 853 graviter
429 762 528 830 homo
544 766 581 829 et
593 763 658 829 mei
673 762 994 831 observantissimus
1016 765 1052 827 et
1072 761 1126 828 sui
1141 761 1227 827 iuris
1244 760 1328 849 dig-

258 871 441 958 nitatisque
460 871 614 939 retinens
641 887 681 934 se
704 868 793 956 apud
812 873 848 936 te
869 886 979 955 neque
1000 867 1146 934 amicitia
1166 884 1233 932 nec
1256 869 1329 932 iure

258 977 430 1046 valuisses
454 980 506 1066 et,
528 979 566 1041 ut
586 976 724 1064 opinor,
745 975 859 1044 Flavii
879 973 1058 1062 aliquando
1077 992 1147 1040 rem
1165 976 1203 1042 et
1219 973 1327 1038 Pom-

256 1085 354 1173 peius
375 1088 412 1151 et
425 1081 556 1151 Caesar
569 1081 630 1148 tibi
645 1081 939 1151 commendarunt:
961 1086 997 1147 et
1013 1082 1089 1167 ipse
1103 1079 1145 1147 ed
1160 1084 1196 1147 te
1212 1083 1326 1169 scrip·

256 1195 352 1258 serat
365 1189 506 1255 lllsvius
521 1192 557 1254 et
570 1206 638 1276 ego
653 1193 756 1255 certe.
799 1190 911 1273 Quare
931 1189 962 1255 si
975 1188 1045 1254 ulla
1056 1205 1113 1253 res
1129 1190 1205 1273 est,
1228 1206 1328 1272 quam

256 1296 318 1364 tibi
338 1313 392 1363 me
413 1295 602 1363 faciendam
622 1299 762 1383 petente
783 1302 903 1385 putes,
925 1296 1009 1362 haec
1030 1313 1073 1362 ea
1094 1297 1159 1361 est.
1208 1292 1251 1360 Si
1273 1311 1326 1360 rue

167 1427 168 1430 ¹
256 1420 371 1490 auras,
394 1419 495 1491 cura,
518 1399 675 1486 elabora,
696 1402 841 1493 perfice,
863 1402 1054 1471 utlllavius
1070 1406 1105 1469 et
1119 1398 1179 1467 tibi
1196 1403 1234 1466 et
1248 1399 1328 1465 milti

257 1525 356 1594 quam
375 1503 694 1595 maximas'gratias
715 1512 813 1597 agat.
855 1507 931 1575 lloo
949 1510 985 1574 tc
1001 1507 1048 1572 ita
1064 1523 1173 1593 rogo,
1195 1508 1234 1570 ut
1251 1523 1325 1571 ma-

256 1613 330 1681 iore
351 1612 463 1680 studio
484 1631 611 1700 rogare
632 1631 700 1679 nou
721 1616 862 1700 possim.
1237 1640 1239 1645 ·
1314 1631 1317 1637 ·

101 1720 162 1789 tv.
184 1717 237 1788 tt.
339 1716 438 1802 Quod
466 1717 510 1785 ad
540 1737 593 1785 me
621 1718 664 1785 de
689 1719 830 1787 Hermia
857 1719 997 1806 scribis,
1027 1719 1106 1784 rnihi
1133 1715 1327 1783 mehercule

258 1825 361 1894 valde
387 1825 565 1894 molestum
592 1823 666 1892 fuit.
718 1825 856 1891 Literas
887 1824 929 1890 ad
960 1829 996 1890 te
1027 1841 1143 1910 parum
1172 1820 1327 1888 fraterne

257 1933 481 2021 scripseram:
502 1950 586 2019 quas
601 1932 752 1999 oratione
765 1930 921 2018 Diodoti,
934 1929 1068 2006 Luculli
1081 1928 1214 2012 liberti,
1232 1947 1326 1994 com-

256 2043 390 2129 motus,
418 2039 461 2106 de
486 2041 642 2127 pactione
664 2040 778 2106 statim
799 2034 887 2123 quod
909 2035 1096 2125 audieram,
1128 2036 1324 2103 iracundius

258 2146 464 2233 scripseram
492 2148 529 2214 et
554 2163 719 2212 revocare
747 2141 932 2227 cupiebam.
984 2141 1073 2207 Huic
1099 2145 1137 2205 tu
1158 2142 1326 2228 epistolae

207 2301 216 2323 .
259 2268 329 2317 non
354 2248 505 2317 fraterne
526 2252 694 2339 scriptae,
724 2251 876 2316 fraterne
898 2248 1003 2317 debes
1024 2249 1220 2338 ignoscere.
1274 2248 1325 2316 Ile

259 2355 466 2446 Censorino,
493 2359 662 2449 Antonio,
685 2354 837 2443 Cassiis,
866 2354 1056 2443 Scaevola,
1085 2359 1121 2420 te
1140 2354 1183 2419 ab
1204 2354 1250 2418 iis
1272 2354 1325 2420 di-

198 2455 204 2471 '
257 2462 340 2551 ligi,
369 2468 407 2530 ut
426 2463 568 2554 scribis,
596 2466 815 2533 vehementer
835 2462 981 2551 gaudeo.
1035 2459 1160 2528 Cetera
1186 2459 1324 2529 inerunt

257 2572 294 2644 in
314 2570 433 2640 eadem
454 2572 600 2661 epistola
620 2573 803 2665 graviora,
831 2587 929 2657 quam
948 2566 1092 2636 velletne
1125 2570 1235 2654 ὀρθὰν
1257 2569 1323 2634 τὰν

257 2788 284 2830 et
300 2777 425 2832 lectionis
441 2777 583 2851 vulgatae,
598 2794 670 2852 quae
686 2789 750 2850 post
766 2791 797 2831 ot
814 2775 889 2832 addit
906 2790 952 2841 tn,
970 2791 1004 2830 ex
1019 2775 1200 2850 geminatione
1215 2788 1319 2833 ortum.

257 2872 290 2884 -
306 2846 495 2897 auctoritatem
561 2847 632 2899 decr.
649 2858 698 2898 not
714 2847 754 2900 lit.
770 2845 787 2899 i.
802 2863 826 2899 o.
844 2843 986 2898 decretum
1000 2854 1048 2898 aut
1060 2844 1169 2910 literas,
1187 2858 1263 2924 quae
1279 2862 1321 2898 va·

256 2907 316 2962 lent
332 2907 367 2960 ad
381 2908 531 2962 faciendam
546 2910 637 2964 fidem.
652 2944 686 2955 -
718 2914 871 2983 anteaquam
887 2921 995 2979 tempus
1013 2910 1084 2962 enim
1100 2909 1269 2965 decessionis
1283 2911 1320 2965 in·

256 2973 357 3040 stabat,
370 2989 457 3044 quum
468 2991 590 3029 annuum
605 2978 741 3047 praetoris
758 2977 903 3049 imperium
919 2978 992 3030 ultra
1001 2974 1184 3029 Decembrem
1199 2993 1321 3030 mensem

256 3055 313 3094 non
337 3037 551 3109 produceretur.
569 3051 612 3086 -'
645 3045 690 3094 sui
706 3045 775 3095 iuris
794 3046 867 3110 drgo.
888 3045 1019 3102 retenens,
1049 3041 1098 3112 qui
1119 3057 1174 3094 non
1201 3043 1320 3113 patitur,

256 3103 409 3178 quidquam
430 3104 463 3158 dc
487 3123 538 3159 suo
560 3106 621 3161 iure
643 3107 828 3180 dignitateque
853 3106 967 3160 detrahi.
988 3138 1021 3148 -
1060 3125 1108 3175 ego
1125 3119 1196 3160 certe
1214 3133 1249 3158 =
1269 3125 1319 3183 ego

254 3171 366 3226 omnino
374 3189 384 3240 3
400 3186 444 3224 une
460 3172 600 3244 scripsisse
619 3184 697 3228 certo
710 3173 776 3230 scio.
789 3207 821 3217 -
854 3173 911 3227 Hoc
930 3185 955 3225 te
970 3177 1008 3225 ita
1023 3191 1091 3240 rogo
1106 3182 1156 3225 cet.
1187 3173 1232 3229 Cf.
1247 3191 1319 3246 quas

253 3236 289 3292 sd
309 3239 334 3293 h.
347 3238 366 3292 l.
384 3236 523 3291 adnotavit
537 3239 691 3309 winland,
716 3241 765 3312 qui
782 3257 815 3293 er
827 3249 885 3293 tota
900 3239 940 3292 rei
954 3240 1112 3292 narratione
1127 3238 1191 3292 colli
1211 3239 1219 3292 i
1236 3257 1319 3313 posse

253 3301 336 3371 dicit,
362 3304 432 3357 hanc
451 3311 560 3357 causam
577 3307 665 3360 Flavii
681 3323 796 3378 aequam
812 3307 967 3377 iustamque
986 3323 1040 3358 nou
1057 3305 1158 3372 fuisse,
1180 3255 1318 3378 iliumque

253 3371 374 3425 uoluisse
390 3368 535 3424 Fundanio
552 3373 678 3441 solvero,
703 3372 780 3444 quod
798 3372 822 3426 ei
839 3388 854 3423 a
873 3371 1003 3425 defuncto
1021 3371 1136 3425 Octavio
1155 3369 1317 3427 deberetur.

319 3476 368 3534 tv.
385 3476 409 3544 S.
427 3493 466 3530 ta.
499 3477 606 3529 Hermia
622 3495 703 3532 servo
720 3477 871 3532 Ciceronis.
888 3509 920 3520 -
954 3477 985 3530 de
996 3478 1128 3546 pactione.
1162 3477 1271 3534 Manat.
1285 3477 1319 3535 ad

254 3540 282 3596 h.
296 3543 316 3594 l.
338 3542 430 3597 addit:
459 3543 553 3598 »inter
571 3544 696 3599 Graecos
712 3555 740 3597 et
760 3545 925 3617 publicanos
946 3558 962 3595 a
985 3554 1011 3596 te
1032 3542 1133 3596 facta.»
1177 3542 1317 3613 Saurea,

254 3622 339 3678 quarn
360 3609 445 3689 tangit
459 3609 575 3677 Cicero,
591 3626 624 3663 ex
639 3611 691 3663 hoc
710 3629 765 3664 nno
788 3610 874 3663 verbo
896 3608 1014 3681 perspici
1033 3609 1136 3681 nequit.
1157 3641 1187 3651 -
1222 3614 1317 3662 statim

272 3673 327 3726 uod
341 3698 374 3725 =
391 3675 512 3730 simulac.
547 3677 588 3730 lta
610 3693 691 3748 saepe
732 3677 786 3729 uod
802 3686 867 3748 post
884 3675 1015 3729 adverbia
1036 3673 1171 3746 temporis
1193 3677 1317 3746 ponitur.

287 3738 530 3799 ,Terentileaut
549 3761 577 3813 ι,
598 3761 626 3812 ι,
643 3762 666 3798 a.
726 3742 1097 3813 laut.Amphit.1‚1,146.
1123 3772 1155 3789 -μ
1189 3759 1318 3797 revocare

253 3804 401 3862 tabellario
416 3805 469 3858 iarn
487 3806 572 3862 datas.

318 3891 343 3963 i.
361 3895 400 3949 aa.
433 3899 531 3950 Caenis
555 3897 629 3954 dedit
650 3900 739 3955 Oreil.
759 3918 813 3973 pro
835 3901 908 3973 vulg.
931 3902 1029 3954 Cassio.
1045 3929 1078 3942 -
1105 3898 1132 3947 in
1155 3899 1244 3950 eadem
1265 3899 1316 3966 epi·

252 3961 342 4025 stola,
366 3976 422 4032 qua
448 3963 567 4040 Quintus
593 3982 623 4019 se
640 3968 722 4021 fratri
742 3977 883 4041 purgarat.
902 3999 936 4012 -·
974 3966 1107 4032 pectora
1125 3981 1204 4034 quom
1224 3964 1317 4017 vollem

252 4028 271 4084 i.
286 4044 309 4081 e.
327 4027 437 4110 aegrius
454 4045 527 4082 meas
543 4029 757 4101 admonitiones,
773 4049 844 4105 quas
861 4042 893 4086 tu
909 4028 1114 4100 obiurgationes
1132 4027 1209 4095 dicis,
1226 4027 1316 4083 tulisti

252 4093 486 4166 gravioribusque
505 4094 599 4149 serbis
616 4096 744 4156 retudisti
760 4114 844 4170 quem
865 4097 973 4153 vellem.
992 4127 1024 4139 -·
1064 4095 1143 4168 ὀρθάν
1165 4095 1213 4152 edu
1244 4101 1317 4154 seis.
