2768 4866
545 261 608 323 tut
627 261 646 322 1.
689 261 741 324 ΕΡ.
761 262 781 322 l.
1148 259 1196 330 27

130 453 168 515 et
189 447 298 522 auimo
320 450 355 513 et
376 444 535 528 orationi,
556 461 656 530 quum
675 444 724 510 sis
740 444 865 534 huus,
883 449 944 513 aut
962 447 1064 514 ctiam
1080 452 1196 516 tacere

131 559 168 622 et
194 558 316 621 tenere
342 553 378 617 in
403 569 468 616 sua
494 553 665 636 potestate
692 555 815 617 motum
841 552 940 620 animi
967 559 1003 621 et
1028 554 1193 643 dolorem,

130 663 198 729 etsi
217 680 288 728 non
309 662 364 725 est
384 656 558 744 perfectae
578 657 788 742 sapientiae,
818 662 933 726 tamen
960 666 1014 729 eat
1033 681 1195 752 nonme·

131 769 255 836 diocris
284 766 425 852 ingenii.
475 765 590 851 Atque
619 765 654 830 in
681 763 746 830 hoc
772 782 904 852 genere
922 767 1025 834 multo
1053 773 1088 835 te
1115 787 1196 837 esse
1236 749 1296 819 39·

127 876 197 943 iam
219 871 473 940 commodiorem
498 870 727 958 mitioremque
753 873 916 940 nuntiant.
965 868 1091 940 Nullae
1117 879 1197 943 tuae

129 980 405 1049 vehementiores
425 979 526 1044 animi
546 977 811 1062 concitationes,
841 978 935 1045 nulla
954 979 1132 1048 maledicta
1152 980 1198 1048 ad

130 1105 216 1174 nos,
247 1084 364 1153 nullae
392 1085 613 1153 contumeliae
640 1084 874 1173 perferuntur:
907 1103 993 1171 qnae
1013 1104 1113 1172 quum
1133 1086 1197 1153 ab·

131 1194 271 1261 horrent
298 1211 323 1259 a
348 1193 473 1282 literis,
504 1192 547 1260 ah
573 1193 803 1278 humanitate,
836 1196 904 1259 tum
923 1209 1007 1258 vero
1030 1194 1199 1260 contraria

132 1303 213 1364 suut
232 1297 374 1384 imperio
396 1315 438 1364 ac
459 1298 626 1385 dignitati.
677 1297 789 1384 Nam,
818 1298 849 1362 si
875 1298 1105 1385 implacabiles
1125 1301 1198 1366 ira-

131 1403 276 1473 cundiae
296 1403 391 1488 siut,
419 1421 548 1469 summa
569 1407 624 1468 est
645 1401 835 1469 acerbitas:
863 1404 1049 1472 sinautem
1071 1423 1198 1472 exora·

129 1507 239 1597 biles,
260 1525 393 1575 summa
413 1507 557 1574 levitas:
586 1525 673 1595 quae
693 1512 826 1592 tamen,
847 1512 884 1573 ut
904 1508 939 1575 in
959 1509 1077 1600 malis,
1097 1528 1198 1577 acer·

130 1616 232 1687 bitati
252 1613 493 1702 anteponenda
513 1617 580 1683 est.

218 1717 314 1808 Sed,
345 1718 500 1805 quoniam
518 1719 644 1805 primus
665 1738 774 1787 annus
794 1717 911 1786 habuit
931 1717 975 1785 de
995 1719 1060 1787 hat
1079 1739 1199 1807 repra·
1220 1714 1317 1782 xlv.
1338 1735 1345 1755 ¹

131 1827 301 1897 hensione
321 1823 498 1911 plurimum
518 1826 684 1894 sermonis
705 1862 746 1877 -
766 1824 868 1894 credo
888 1829 1083 1915 propterca,
1111 1827 1198 1915 quod

132 1933 194 2000 tibi
214 1933 383 1999 hominum
403 1933 565 2020 iniuriae,
587 1933 674 2018 quod
695 1933 880 2021 avaritiae,
909 1932 997 2020 quod
1018 1933 1199 2001 insolentia

130 2043 270 2127 praeter
299 2037 688 2125 opinionemaccidebat
715 2042 751 2106 et
776 2039 998 2109 intolerabilis
1020 2040 1200 2108 videbatur

129 2184 173 2199 —
194 2145 367 2216 secandus
388 2149 500 2212 antem
521 2146 625 2213 multo
650 2146 779 2232 lenior,
809 2147 896 2234 quod
925 2151 962 2214 et
990 2147 1198 2216 consuetudo

131 2256 280 2321 stratio
308 2257 368 2339 et,
402 2257 438 2319 ut
465 2271 532 2342 ego
561 2253 723 2343 arbitror,
755 2273 851 2322 meac
873 2274 1002 2342 quoqne
1023 2255 1141 2323 literae
1162 2260 1198 2323 te

131 2361 370 2449 patientiorem
397 2358 624 2446 lenioremque
651 2359 827 2429 facerunt:
862 2363 997 2428 tertius.
1012 2380 1122 2429 annue
1149 2364 1198 2429 lta

130 2465 233 2533 dehet
263 2482 347 2535 essa
379 2464 594 2550 emendatus,
627 2471 664 2532 ut
693 2485 738 2534 ue
767 2467 934 2533 minimam
965 2465 1097 2555 quidem
1125 2485 1197 2535 rem

130 2640 315 2706 Cie.'l'usc.i,
331 2653 378 2710 ¹9²
395 2635 587 2708 »Peripatetici
601 2637 690 2691 virum
706 2638 792 2693 videri
807 2648 917 2710 negant,
927 2633 975 2709 qui
990 2635 1070 2689 irasci
1084 2636 1197 2702 nesciat,

132 2722 265 2826 eampse,
291 2720 380 2777 quarn
400 2703 539 2757 lenitatem
558 2721 608 2758 noa
629 2703 762 2774 dicimus,
792 2704 888 2759 vitioso
906 2703 1070 2756 lentitudinis
1087 2701 1197 2755 nornine

130 2787 146 2824 a
188 2772 304 2826 alanta

147 2789 186 2842 pp
199 2844 223 2906 ς.
242 2836 275 2908 39
315 2837 518 2889 eontmodiorem
537 2863 569 2886 =
586 2833 815 2902 moderatiorem,
839 2833 1019 2897 sedatiorem,
1041 2849 1129 2904 quum
1144 2849 1196 2885 nee

131 2901 212 2955 facile
228 2902 256 2954 in
275 2902 360 2956 rebus
381 2900 510 2967 laribus,
535 2919 587 2956 nec
607 2902 687 2956 nimie
708 2902 843 2956 irascaris.
864 2931 898 2943 ·-
938 2919 982 2955 on.
1001 2901 1197 2954 concitationes.

131 2967 458 3037 ctuusc.5‚15‚15.-
492 2970 623 3022 litaret:
640 2967 781 3034 doctrina,
799 2967 908 3022 cultura
922 2966 1029 3039 ingenii.
1043 2973 1076 3008 i·-
1109 2978 1196 3020 contr.

129 3046 195 3088 tunt
211 3038 273 3104 chop.
288 3053 321 3087 ae
336 3035 431 3113 digia„
448 3033 628 3107 imperantem
644 3052 664 3088 a.
683 3033 871 3106 magistratum
889 3032 1069 3086 dedecent-
1102 3050 1195 3087 sumat.

127 3100 235 3164 ieoztm,
251 3117 323 3172 quae
339 3099 477 3154 tribuitur
491 3101 618 3156 omnibus
634 3099 841 3155 vehementibus
859 3109 887 3154 et
902 3099 1028 3153 inanibus
1044 3094 1197 3170 cupiditati·

129 3166 183 3220 bus
202 3178 230 3222 et
248 3165 512 3237 perturbationibus
532 3168 630 3236 animi,
679 3177 826 3239 ropterea,
854 3164 932 3237 quod
951 3167 979 3219 iu
1000 3166 1040 3218 hia
1060 3163 1137 3219 nulla
1154 3174 1197 3219 eat

129 3234 299 3310 constantia,
316 3232 397 3287 nulla
414 3233 541 3311 gravitas.
576 3234 619 3289 Gi.
637 3185 705 3288 nlo.
723 3233 757 3288 cl.
775 3232 833 3288 Cic.
852 3251 872 3288 s.
889 3252 913 3288 v.
933 3264 964 3273 -
999 3243 1030 3282 ut
1052 3233 1080 3280 in
1101 3228 1195 3292 mab,

129 3314 158 3350 an
201 3299 282 3352 uibus
302 3299 392 3351 minus
411 3300 510 3352 maturi
527 3308 656 3371 praestat.

222 3365 272 3420 lV.
289 3371 313 3432 §.
329 3367 371 3431 40.
416 3365 447 3415 de
466 3367 522 3421 hco-
536 3369 683 3446 reprehens.
708 3364 725 3422 i.
740 3381 765 3419 e.
781 3361 815 3416 de
834 3364 898 3418 vitio
914 3359 1089 3428 iracundiae,
1111 3378 1195 3433 quam

128 3429 203 3483 inte
223 3427 473 3498 reprehendebant.
492 3463 526 3480 .-
558 3434 689 3494 iniuriae,
703 3432 851 3494 auaritiam
875 3430 909 3482 al.
928 3430 1046 3490 imbrib,
1063 3431 1194 3491 ooaritrh,

129 3510 203 3567 quae
217 3493 350 3549 lectiones
363 3495 428 3549 inde
440 3508 521 3552 natae
533 3515 594 3552 etse
606 3497 753 3564 videntur,
770 3495 846 3567 quod
861 3495 938 3550 verb.
957 3494 1090 3547 acctmbnt
1103 3507 1129 3546 et
1146 3498 1194 3550 int.

127 3559 268 3615 vedintur
291 3577 409 3615 nurnero
428 3562 561 3636 singulari
584 3563 728 3635 aequitur3
754 3560 788 3615 de
806 3578 865 3632 quo
888 3558 941 3614 vid.
963 3559 1071 3616 Grotef.
1091 3567 1115 3626 s.
1138 3564 1192 3632 194.

126 3625 189 3680 add.
208 3644 233 3681 n.
248 3659 283 3672 -
315 3627 458 3684 tendehat.
485 3632 594 3686 Ernest.
610 3629 709 3700 auspic.
724 3629 876 3691 accederem
894 3636 922 3680 at
932 3625 1038 3696 singula
1051 3625 1114 3706 illae
1130 3629 1194 3689 ini,

127 3711 191 3755 au,
207 3694 258 3748 tire.
276 3691 375 3747 eodem
392 3702 537 3766 tempore,
558 3712 617 3770 quo
631 3695 750 3772 Quintus
766 3692 958 3749 concitabatur
971 3692 1127 3760 iracundia,
1144 3693 1194 3745 du·

128 3758 246 3826 rabant,
270 3759 299 3813 id
310 3757 395 3833 'quod
416 3775 449 3812 ex
465 3777 523 3832 aeq.
548 3782 572 3817 a.
587 3762 747 3816 consuetudo
764 3767 899 3879 apsaret,
922 3776 980 3830 qno
997 3758 1098 3813 Cicero
1114 3757 1194 3832 signi·

126 3826 206 3892 licat,
220 3825 339 3880 fratrem
356 3823 482 3898 quotidie
495 3827 544 3879 has
561 3827 757 3899 perversitates
771 3826 797 3879 vi
818 3841 865 3879 era
878 3824 998 3897 indeque
1014 3826 1068 3881 iarn
1079 3826 1136 3884 ,illis
1152 3842 1194 3880 aa·

127 3892 282 3945 suelactum
300 3909 367 3947 asse.
384 3921 420 3937 -
449 3904 559 3962 praeter
577 3895 666 3962 open,
683 3909 765 3947 aecus
780 3903 863 3964 atque
876 3893 1046 3963 exspectasti.
1065 3925 1097 3952 -ψ
1121 3891 1194 3960 fece·

124 3969 201 4011 runt.
232 3958 300 4015 Ern.
316 3956 448 4013 coniecit:
456 3957 603 4027 secarunt,⁸
620 3957 709 4012 minua
727 3956 812 4025 hene,
830 3975 915 4030 quam
932 3959 1054 4029 scriptor
1069 3960 1194 4030 ἀοριστῶς

126 4022 261 4096 Quintum
277 4023 474 4098 patientiorem
492 4034 543 4080 etc.
563 4023 670 4079 factum
689 4038 749 4077 aare
766 4023 853 4104 dicat,
877 4041 969 4097 neque
987 4034 1094 4080 tantum
1117 4023 1192 4093 elap-

125 4105 188 4146 tutu
203 4099 314 4164 tempus
331 4091 472 4165 respiciat.
483 4122 517 4137 -
550 4091 702 4146 maurinos
716 4117 749 4143 =
768 4090 835 4151 vitata
848 4109 947 4149 careae
962 4110 983 4148 a.
1001 4091 1082 4149 liber.
