2760 4874
265 287 316 354 ss
410 290 446 350 ιι.
468 290 497 349 r.
520 240 702 350 nicanorus
725 287 877 351 nnsron
896 290 944 351 sn
966 291 997 363 o.
1018 292 1185 354 nmrnnn

264 474 309 545 ad
330 493 383 542 me
404 475 526 541 attinet
546 474 691 560 itemque
711 472 857 543 arbitror
877 475 1030 562 ceteros,
1061 473 1187 542 ideirco
1209 479 1324 563 taceo,

264 582 352 669 qnod
372 601 440 648 non
457 582 633 668 existimo,
655 598 754 667 quum
774 581 952 666 Pompeius
967 582 1074 669 absit,
1097 601 1233 647 causam
1249 584 1327 668 agri

261 687 427 774 Campani
447 688 508 774 agi
530 687 750 755 conveniret
791 687 877 753 'l'urn
897 687 955 756 ille
976 707 1016 754 se
1037 692 1189 755 senatum
1212 707 1326 776 nega-

71 839 74 842 -
190 790 224 859 2.
264 797 315 864 vit
334 799 463 863 tenere.
505 795 657 861 Racilius
679 795 827 861 surrexit
840 800 879 861 et
897 793 940 861 de
956 794 1087 860 iudiciis
1100 794 1229 862 referre
1245 813 1326 862 coe-

264 905 324 992 pit.
376 902 610 969 Marcellinum
641 900 771 988 quidem
799 902 939 987 primurn
967 904 1114 989 rogavit.
1164 902 1200 968 ls
1228 921 1328 989 quum

150 1027 154 1036 “
263 1012 420 1100 graviter
440 1009 483 1077 de
504 1007 677 1076 Clodianis
699 1005 896 1095 incendiis,
910 1005 1208 1095 trucidationibus,
1231 1007 1327 1094 ¹lapi·

263 1117 453 1185 dationibus
476 1120 617 1202 questus
639 1117 752 1204 esset,
774 1113 978 1181 sententium
997 1113 1098 1202 dixit,
1120 1118 1157 1179 ut
1176 1115 1252 1200 ipsc
1273 1115 1327 1180 iu-

164 1237 169 1247 *
262 1223 357 1291 dicer
376 1241 440 1310 per
459 1226 650 1308 praetorem
670 1220 833 1287 urbanum
852 1221 1051 1311 sortiretnr3
1081 1219 1227 1288 iudicum
1248 1241 1327 1288 sor-

262 1332 382 1397 titione
402 1328 515 1414 iacta,
537 1328 671 1395 comitia
691 1326 916 1394 haberenturt
944 1329 1002 1415 qui
1021 1327 1144 1395 iudicia
1163 1327 1327 1415 impedis-

263 1441 337 1525 set,
359 1454 433 1502 earn
455 1439 574 1502 contra
592 1454 664 1502 rem
685 1433 851 1522 publicam
870 1452 951 1503 esse
971 1435 1146 1502 facturum.
1189 1437 1327 1523 Appro-

261 1543 343 1609 bata
363 1541 464 1613 valde
484 1543 673 1633 sententia,
694 1540 734 1610 Ο.
757 1540 842 1633 Cato
863 1545 984 1609 contra
1004 1541 1093 1608 dixit
1110 1545 1145 1608 ct
1163 1539 1328 1631 Cassius,

260 1647 406 1721 maxima
434 1648 677 1716 acclamatione
703 1654 868 1739 senatus,
904 1667 1002 1737 quum
1031 1648 1164 1715 comitia
1195 1648 1329 1716 iudiciis

187 1747 220 1816 3.
261 1755 458 1825 anteferret.
500 1755 674 1843 Philippus
693 1756 847 1823 assensit
866 1754 1024 1822 Lentulo.
1072 1755 1200 1822 Postea
1220 1755 1329 1823 Raci-

260 1863 327 1930 lius
349 1862 392 1929 de
411 1862 556 1949 privatis
576 1881 631 1931 rne
649 1862 790 1951 prinum
810 1864 1014 1956 sententiam
1030 1861 1177 1951 rogavit.
1218 1859 1329 1928 Multa

263 2105 381 2170 itemque.
416 2100 457 2152 Ita
475 2114 507 2150 ex
522 2095 591 2151 eod.
605 2097 679 2152 Med.
697 2095 772 2152 dedit
783 2097 873 2152 Orell,
888 2115 942 2167 pro
959 2097 1033 2169 vulg.
1052 2097 1118 2165 idem
1135 2115 1175 2149 tte,
1192 2129 1226 2140 -
1260 2096 1329 2148 arbi·

262 2180 323 2219 tror
338 2176 446 2218 ceteros.
468 2163 622 2235 Bentivogl,
639 2163 775 2217 malebat:
793 2163 913 2215 arbitror
926 2163 962 2214 od
975 2175 1094 2233 ceter-or,¹
1109 2180 1123 2217 a
1146 2179 1215 2233 sque
1230 2159 1329 2216 idonea

261 2246 353 2286 rausa.
369 2263 403 2274 -
436 2248 516 2301 quom
531 2228 619 2297 Pomp.
637 2231 708 2291 obs„
726 2231 773 2300 qui
786 2228 861 2283 bello
877 2227 1064 2282 Mithridatico
1078 2245 1107 2282 sc
1123 2228 1180 2284 suis
1194 2228 1327 2282 militibus

159 2368 161 2375 y
262 2312 360 2416 pigrutrtn
374 2297 545 2415 (ilampfflim
562 2293 713 2415 dioisudrpm
727 2293 953 2415 ositicpplprptst-e
966 2307 1081 2414 ιὲῃενερ
1096 2311 1145 2416 ugr
1165 2294 1286 2349 solennis
1301 2297 1329 2349 in

282 2377 639 2432 imrenoeenao,quo
669 2378 732 2415 ¹ere
773 2377 824 2417 ca
875 2377 1029 2414 tsvrts:
1084 2403 1090 2418 .
1133 2377 1327 2429 .‚nemorot

262 2437 345 2484 tenet.

328 2523 352 2586 §-
369 2533 393 2570 ι.
428 2518 459 2571 b.
478 2518 615 2579 Racilius,
631 2517 762 2576 tribunus
777 2518 852 2590 pleb.
867 2523 909 2588 (r.
924 2517 958 2572 ad
972 2515 1027 2573 div.
1042 2536 1071 2587 r,
1084 2536 1116 2586 7,
1133 2524 1175 2586 a.)
1191 2529 1327 2587 senatum,

261 2585 344 2654 Lupo
357 2581 527 2648 dimittente,
544 2600 598 2655 pro
615 2593 750 2654 potestate
765 2584 912 2639 tribunicia
929 2584 1051 2641 retinuit.
1080 2585 1235 2642 Consulum
1247 2586 1327 2640 haiae

261 2651 325 2703 anni
344 2667 399 2703 non
414 2647 536 2703 meminit
552 2649 667 2716 Cicero,
689 2651 756 2720 quia
772 2649 800 2704 in
819 2650 1043 2722 provinciarium
1058 2649 1198 2704 abierant·
1223 2652 1326 2722 quibus

166 2769 172 2775 ,
261 2727 319 2771 tarn
336 2714 495 2770 absentibus
509 2732 593 2790 quem
607 2717 800 2836 praesentibus
812 2716 918 2772 tribuni
932 2727 1057 2781 meatum
1070 2688 1278 2786 convocabant,
1293 2715 1327 2770 ad
1359 2741 1362 2744 ·

261 2799 325 2837 eum
342 2780 518 2848 referebant,
539 2798 606 2852 roga
629 2791 675 2835 ant
691 2783 839 2842 sententias
855 2793 906 2841 oct.
940 2785 976 2839 V.
994 2782 1048 2836 Dio
1063 2783 1138 2839 Cass.
1155 2782 1203 2853 et,
1218 2792 1244 2852 4.
1268 2783 1327 2840 cto.

258 2847 295 2901 rie
311 2858 384 2905 orat.
397 2847 429 2915 3,
449 2867 471 2906 ι.
488 2848 631 2919 present.
646 2847 670 2902 3.
687 2867 725 2909 ιι,
742 2848 777 2905 ad
791 2853 848 2913 ata
866 2868 909 2918 ro,
925 2846 972 2917 ²³3
992 2867 1037 2916 ιι,
1051 2851 1074 2904 6.
1092 2847 1126 2902 ad
1141 2848 1195 2907 div.
1211 2868 1242 2919 ι,
1259 2867 1281 2908 ι.
1294 2882 1326 2897 -

261 2915 292 2965 dr
307 2915 410 2975 t‘udt'oir‘s
429 2912 560 2968 trahendis
579 2914 605 2968 in
623 2931 687 2980 eos,
711 2933 833 2987 quorum
847 2916 957 2970 nomina
972 2912 1064 2970 delata
1082 2925 1188 2980 essent,
1211 2915 1326 2970 maxime

259 2979 289 3039 iu
304 2976 449 3044 Clodium,
465 2977 499 3032 de
516 2978 541 3030 vi
557 2986 637 3035 reum
655 2992 695 3046 (v.
711 2999 756 3053 ep.
771 2980 808 3037 ad
823 2979 878 3037 div.
898 3002 907 3035 ι
941 2999 974 3053 9,
989 2981 1043 3049 ι5,)
1052 2999 1062 3049 ;
1087 2997 1159 3053 quae
1174 2979 1277 3036 iudicia
1292 2998 1326 3038 nc

259 3046 377 3108 tierent,
394 3044 499 3099 tribuni
516 3045 555 3112 pl.
573 3044 608 3099 im
631 3046 766 3103 collebant.
782 3080 813 3090 -·
847 3048 878 3101 de
895 3021 968 3102 ciat.
983 3047 1081 3104 maced,
1114 3046 1157 3101 Cf.
1174 3047 1213 3100 ad
1224 3052 1284 3103 Ata
1296 3050 1326 3115 4,

261 3127 293 3180 a,
306 3115 331 3177 4,
346 3111 489 3180 Proposito
504 3065 657 3170 Marctliim'
670 3115 798 3167 sententia
814 3123 866 3170 cet.
886 3144 917 3157 -
950 3124 982 3166 ut
997 3115 1051 3193 ipse
1073 3109 1200 3170 Clodius.
1214 3146 1248 3156 -
1278 3131 1326 3184 per

257 3189 412 3247 praetor-cm
426 3177 575 3240 ordonum,
598 3179 736 3249 praetoris
756 3177 855 3233 urbani
875 3187 1028 3250 praetentis
1048 3188 1077 3232 et
1095 3177 1269 3233 sortitionem
1285 3195 1327 3234 rc·

258 3243 1135 3366 tillittttttt·³“ttttit²tatt¹-¹¹lttttttttltt
1154 3244 1326 3365 ‘litat

257 3386 308 3430 tar
324 3391 357 3454 ex
372 3373 462 3429 tribus
474 3328 573 3454 popili
587 3375 737 3437 ordinibus.
754 3347 926 3444 :membra
941 3328 1064 3432 minicia
1078 3328 1196 3459 gquib-us
1234 3376 1326 3432 etebet

262 3437 395 3509 Clodius,
427 3451 459 3495 ut
482 3441 576 3497 aedilis
595 3441 686 3498 faetus
707 3443 818 3498 Milonis
838 3444 1039 3499 accusationem
1060 3416 1168 3500 facilius
1191 3442 1325 3498 cuderet.

258 3504 296 3560 ad
312 3510 368 3562 Att.
382 3510 413 3574 4,
428 3508 459 3574 3,
472 3507 502 3570 3ι
528 3509 575 3565 lile
590 3511 619 3564 ri
633 3513 741 3570 tamdia
758 3527 809 3567 tuo
824 3513 1003 3580 aoafierent,
1026 3511 1089 3563 urbi
1105 3511 1212 3566 auberi.
1231 3541 1266 3555 -
1297 3511 1325 3566 0.

260 3575 345 3635 Cato,
372 3573 501 3631 tribuum
517 3575 571 3646 pl,
596 3595 624 3628 v.
644 3592 731 3647 snpra
750 3591 820 3643 1,t,
839 3574 877 3637 ab.
901 3573 937 3629 ad
956 3574 1008 3638 dir.
1025 3594 1055 3645 r,
1072 3594 1096 3632 ι.
1115 3575 1187 3631 inira
1199 3576 1272 3645 M.
1293 3607 1323 3620 -

261 3641 289 3695 0.
304 3640 412 3693 Castior
428 3640 585 3712 Longinus,
598 3641 727 3704 tribunus
743 3642 780 3712 pl.
796 3674 828 3684 -
870 3642 1060 3699 acclamatione
1080 3639 1213 3710 adversa,
1229 3653 1324 3698 contre

261 3700 401 3774 Carsium,
418 3707 468 3777 qni
479 3706 590 3763 comitia
606 3717 669 3770 ante
679 3706 779 3762 iudicia
793 3707 854 3765 fieri
867 3707 959 3770 talieta
989 3711 1033 3763 De
1049 3708 1100 3768 bae
1117 3728 1141 3762 v.
1156 3709 1323 3768 acclamab-

261 3773 302 3823 nt‘s
315 3781 456 3850 ¹poteritate
473 3792 496 3825 v.
513 3773 591 3844 epist.
604 3774 629 3834 3.
644 3770 668 3841 b.
683 3791 708 3830 a.
731 3773 765 3828 de
779 3783 848 3829 orat.
865 3790 897 3840 a,
910 3773 957 3829 83.
982 3775 1139 3831 aestuarent
1155 3776 1268 3828 adversa
1279 3792 1322 3844 po

243 3836 325 3905 pult.
342 3869 374 3881 -
413 3839 671 3902 L.b1arciusl’bilt'
704 3858 752 3903 ur,
776 3839 918 3895 Octaviani
935 3841 1061 3908 vitricus,
1084 3840 1156 3894 alter
1178 3843 1322 3899 consulunt

261 3900 475 3976 designatorum.
495 3937 527 3948 -
571 3906 656 3972 bento
704 3906 885 3975 Marcellino,
911 3906 960 3988 qui
974 3906 1070 3978 priore
1084 3905 1147 3960 lo'oc
1166 3903 1321 3980 designatus

261 3969 359 4087 pensari
374 3970 421 4090 pei.
435 3986 521 4042 supra
535 3978 580 4042 §.r
600 3977 683 4041 extr.)
701 3972 762 4028 ideo
779 3972 874 4044 priore
891 3982 972 4032 stram
986 3973 1049 4026 1000
1064 3971 1228 4028 senientiam
1245 3981 1320 4046 rbgb·

173 4076 175 4081 .
275 4053 308 4090 ut
324 4051 394 4090 ara.

327 4133 350 4194 §.
367 4125 391 4182 ὃ.
426 4127 457 4178 de
475 4130 609 4196 prioutr'r,
634 4127 682 4199 qui
705 4138 766 4198 post
788 4145 882 4183 omnes
899 4127 1072 4200 magistratus
1091 4129 1271 4202 rogabantur.
1289 4157 1319 4172 ·-
