2768 4866
180 258 229 328 56
320 263 355 324 M.
377 261 407 321 T.
430 260 612 325 CICERONIS
635 258 786 325 eilsiot.
807 261 856 325 to
876 260 908 335 0.
930 261 1102 325 FRATREM

382 1065 445 1150 Μ.
474 1064 689 1153 'lithini
711 1063 1038 1154 CICERONIS

184 1247 568 1331 EPISTOMARUM
600 1251 674 1325 ΑΒ
709 1251 955 1343 QUINTUM
986 1252 1258 1332 FRATREM

471 1391 633 1470 LIBER
659 1389 955 1472 SECUNDUS.

551 1733 820 1813 EPISTOLA
851 1736 882 1811 Ι.

162 1900 164 1905 ·
226 1879 335 1957 Scripta
353 1878 456 1939 Romae
476 1893 572 1938 meuse
592 1877 739 1938 Deeernhri
759 1878 791 1937 Α.
813 1873 844 1938 U.
866 1875 895 1936 C.
916 1877 975 1936 697
998 1881 1039 1952 (a.
1062 1877 1129 1939 Chr.
1154 1881 1213 1956 57)

186 1978 215 2040 Ρ.
237 1977 364 2039 Cornelio
385 1977 499 2040 lentulo
520 1975 682 2052 Spinthere,
704 1976 735 2046 Q.
756 1974 875 2036 Caecilio
896 1975 1005 2035 Metello
1026 1976 1143 2052 Nepote
1165 1978 1252 2052 Cosa,

422 2089 505 2151 quum
529 2089 625 2133 meone
646 2074 740 2134 Sextili
761 2075 903 2134 restitutus
925 2076 1031 2155 esset,

187 2217 397 2284 Ammontem.
433 2211 537 2289 Quinto
552 2210 647 2278 fratri,
673 2209 796 2281 quitum
812 2209 840 2262 in
856 2205 1009 2264 Sardiniam
1024 2210 1207 2281 navigaturus
1223 2219 1248 2263 et

252 2293 307 2348 inm
322 2292 555 2363 interemerat,
571 2301 684 2359 narrat,
701 2292 769 2364 qnid
782 2292 810 2346 in
826 2301 924 2346 senatu
939 2289 975 2345 eit
987 2299 1093 2358 aetum,
1113 2292 1249 2346 referente

253 2373 374 2448 primum
386 2376 470 2448 Lupo
482 2373 517 2429 de
529 2375 591 2447 lege
606 2376 639 2431 C.
653 2374 795 2440 Caesarie,
811 2389 867 2447 qua
881 2389 978 2447 agrum
991 2372 1169 2443 Campanum
1180 2371 1250 2447 plebi

254 2454 430 2512 dividendum
445 2474 505 2530 eane
520 2456 624 2513 tulerat
643 2475 675 2527 ¹3
700 2452 798 2509 deinde
812 2451 918 2509 Racilio
937 2451 971 2509 de
987 2451 1108 2522 iudiciis,
1128 2455 1157 2510 in
1173 2469 1250 2510 cauea

254 2537 346 2594 Clodii
361 2537 397 2593 de
412 2539 438 2593 vi
453 2538 602 2613 postulati,
624 2547 719 2592 utrum
732 2546 795 2592 ante
812 2552 848 2590 an
864 2544 929 2607 poet
944 2533 1051 2590 comitia
1069 2534 1194 2593 aedilitia
1210 2537 1248 2590 ha·

253 2619 350 2677 bondis
366 2622 453 2678 n-R.

449 2781 643 2851 MARCUS
672 2781 712 2865 Q.
741 2781 916 2850 FRATRI
944 2784 983 2852 S.

115 2920 145 2985 l.
261 2884 489 3008 Epinoion,
502 2940 608 3011 ¹quom
622 2921 759 3008 legisti,
779 2940 877 2988 mane
892 2920 1060 2988 dederam.
1105 2918 1184 2988 Sed
1199 2920 1250 2987 fe-

188 3024 235 3092 eit
247 3024 435 3096 humaniter
447 3027 617 3116 Licinius,
638 3025 728 3113 quod
741 3027 785 3093 ad
798 3047 868 3117 me,
890 3030 991 3095 misso
1005 3032 1146 3111 senatu,
1170 3044 1250 3094 ves-

185 3132 260 3221 peri
281 3133 394 3222 venit,
414 3137 470 3221 ut,
491 3133 522 3200 si
544 3132 621 3220 quid
642 3138 738 3202 esset
758 3136 886 3222 aetum,
908 3135 951 3201 ad
973 3138 1026 3222 te,
1049 3134 1080 3200 si
1100 3135 1184 3202 mihi
1198 3137 1249 3204 vi·

186 3239 343 3326 deretur,
364 3239 618 3326 perscriberem.
661 3238 810 3307 Senatus
827 3240 891 3306 suit
908 3241 1131 3331 frequentior,
1155 3262 1250 3330 quam

185 3346 387 3434 putabamus
408 3364 488 3413 esse
502 3364 605 3432 posse
620 3365 738 3413 mense
753 3347 932 3413 Decembri
952 3347 1014 3412 sub
1037 3345 1110 3412 dies
1131 3345 1248 3415 festos.

187 3452 393 3523 Consulares
418 3471 482 3520 nos
510 3453 633 3521 fuimus
662 3457 699 3522 et
724 3452 788 3520 duo
810 3452 966 3530 eonsules
989 3451 1184 3540 designati,
1213 3453 1248 3519 P.

253 3645 276 3706 ς.
302 3660 325 3695 ι.
364 3643 492 3703 Lier'nios,
507 3639 663 3711 negotiator
678 3637 803 3691 Asianus.
824 3668 857 3680 -
898 3639 946 3688 sut
966 3636 1126 3704 dz'essestor.
1161 3643 1189 3692 A
1209 3635 1249 3689 die

187 3704 275 3760 xvii.
290 3707 351 3763 Ital.
365 3708 423 3761 Ian.
438 3704 473 3760 ad
487 3722 521 3759 ua
543 3722 578 3759 ue
590 3706 650 3758 iere
665 3712 817 3757 extremum
831 3719 950 3757 mensem
962 3702 1135 3769 Saturnalia,
1150 3703 1249 3774 Opalia

186 3771 289 3843 aliique
306 3771 364 3826 dies
381 3782 461 3826 orant
476 3771 546 3827 festi.
562 3804 596 3817 -
637 3770 796 3823 Consulares
812 3787 860 3821 nos
867 3768 976 3838 futores
993 3779 1044 3826 eet.
1078 3767 1193 3824 schutz.
1213 3770 1251 3822 lo·

188 3853 251 3891 eum
274 3838 312 3891 aie
330 3838 481 3892 ordinavit:
509 3837 667 3892 Consulares
685 3854 733 3888 noe
744 3834 870 3904 furatos,
886 3836 915 3891 P.
930 3837 1024 3888 Servii.
1033 3873 1044 3898 ,
1069 3834 1107 3893 M.
1123 3835 1249 3898 Loculi„

187 3903 248 3973 Lep.
257 3942 268 3967 ,
287 3903 389 3961 Valeat.
396 3943 408 3968 ,
423 3905 531 3957 Glabrio
539 3925 552 3969 ,·
576 3905 627 3956 duo
643 3903 760 3957 eonsules
776 3903 925 3971 designati,
938 3913 1086 3971 praetores.
1122 3900 1182 3954 Sed
1198 3899 1251 3954 iam

186 3971 295 4024 Manut.
306 3979 382 4023 reete
395 3969 515 4037 monuit,
528 3970 682 4025 immiscere
696 3968 857 4022 Ciceronem
872 3966 1000 4020 consuler
1014 3963 1071 4021 deni
1090 3975 1169 4021 natos
1185 3983 1250 4020 oon-

186 4035 336 4090 eularibue.
351 4067 382 4079 -
407 4037 526 4089 eonsules
542 4038 685 4105 destruant,
699 4036 747 4089 Gn.
761 4034 908 4089 Cornelius
920 4031 1064 4086 Lentulus·
1100 4033 1250 4088 arcellinus

186 4112 214 4158 et
230 4104 261 4160 L.
276 4101 398 4158 Marcios
412 4098 563 4172 Philippus.
