2768 4866
238 227 293 296 48
382 226 418 293 Μ.
439 229 470 290 Τ.
492 224 674 292 CICERONIS
694 224 847 287 mistos.
869 224 918 286 an
940 225 970 296 0.
992 222 1161 287 FRATREM

236 414 356 478 essent
375 410 515 494 inimici,
538 428 674 495 quorum
696 407 886 475 crudelitas
899 408 1047 475 nondum
1064 411 1163 476 esset
1184 412 1309 476 nostra

237 518 427 586 calamitate
445 517 581 583 satiata.
623 513 755 582 Deinde
777 533 986 603 congressus
1007 515 1114 581 nostri
1129 515 1311 584 lamenta·

238 625 363 692 tionem
383 624 558 710 pertimui:
588 621 782 710 digressum
802 639 886 688 vero
907 640 976 687 non
995 622 1172 710 tuhssem3
1203 626 1312 709 atque

238 731 340 798 ctiam
361 728 395 795 id
415 731 542 817 ipsum,
573 728 662 815 quod
682 733 719 794 tu
740 727 881 813 scribis,
908 726 1114 817 metuebam,
1142 746 1188 794 ne
1209 746 1234 794 a
1256 748 1310 796 me

239 834 381 905 distrahi
400 855 468 902 non
490 854 622 923 posses.
664 834 727 900 llis
750 834 792 900 de
814 835 928 900 causis
946 834 1011 902 hcc
1030 834 1210 901 maximum
1230 852 1310 902 ma-

238 940 323 1029 lum,
347 939 436 1028 quod
457 944 492 1007 te
513 959 583 1005 non
603 937 691 1026 vidi,
713 957 778 1025 quo
800 938 883 1004 nihil
904 940 1142 1005 amantissimis
1164 944 1201 1005 et
1218 957 1310 1023 cou-

237 1045 455 1113 iunctissimis
476 1043 635 1109 iratribus
657 1042 813 1112 acerbius
835 1064 877 1112 ac
896 1046 1052 1111 miserius
1079 1044 1217 1112 videtur
1245 1065 1311 1113 ac-

240 1151 353 1218 cidere
374 1151 546 1238 potuissc,
575 1153 683 1216 minus
703 1150 879 1240 acerbum,
909 1153 1017 1219 minus
1039 1152 1198 1220 miserum
1224 1152 1311 1243 fuit,

241 1276 339 1345 quam
359 1257 483 1322 suisset
502 1277 600 1345 quum
621 1257 840 1345 congressio,
862 1260 931 1322 tum
949 1275 1031 1323 vero
1047 1255 1220 1346 digressio
1239 1277 1310 1324 no-

188 1399 198 1418 ·
239 1369 324 1432 stra.
373 1365 494 1453 Nunc,
522 1366 553 1431 si
572 1369 693 1453 potes,
722 1364 756 1430 id
777 1362 865 1453 quod
886 1382 978 1453 ego,
1005 1364 1061 1450 qui
1088 1363 1149 1430 tihi
1169 1382 1311 1452 semper

240 1469 340 1538 fortis
367 1468 528 1558 videbar,
554 1488 621 1535 non
645 1487 804 1559 possum,
833 1471 932 1558 erige
952 1474 988 1536 te
1009 1474 1044 1537 et
1065 1470 1250 1559 confirma,
1279 1472 1311 1538 si

241 1594 306 1664 qua
327 1571 501 1644 subeunda
521 1575 688 1642 dimicatio
709 1578 783 1642 erit.
824 1575 960 1665 Spero,
981 1577 1013 1643 si
1033 1577 1109 1664 quid
1127 1595 1205 1644 mea
1224 1596 1309 1665 spes

239 1682 345 1750 hahet
356 1684 580 1767 auctoritatis,
608 1681 668 1748 tihi
685 1683 968 1772 etintegritatem
989 1689 1079 1750 tuam
1101 1687 1136 1749 et
1157 1702 1311 1751 amorem

239 1790 276 1856 in
298 1794 342 1856 'te
373 1791 523 1856 civitatis
552 1793 588 1856 et
615 1789 740 1876 aliquid
773 1793 874 1859 etiam
904 1789 1165 1858 misericordiam
1195 1790 1310 1856 nostri

189 1890 192 1897 ’
239 1896 403 1985 praesidii
428 1896 583 1963 laturam.
634 1894 794 1964 sineris
823 1897 865 1964 ah
891 1898 957 1965 isto
984 1898 1133 1984 periculo
1153 1916 1307 1989 vacuus,

240 2021 330 2089 ages
350 2001 502 2089 scilicet,
523 2002 555 2066 si
576 2001 654 2087 quid
675 2003 736 2088 agi
756 2019 861 2088 posse
882 2001 925 2068 de
944 2002 1041 2068 nohis
1062 2001 1211 2091 putabis.
1253 2003 1308 2070 lle

242 2128 307 2195 quo
330 2108 480 2175 scribunt
508 2107 552 2173 ad
578 2126 631 2173 me
652 2107 785 2194 quidem
806 2107 903 2172 multi
920 2106 1026 2173 multa
1046 2111 1082 2172 et
1101 2124 1140 2172 se
1162 2126 1309 2193 sperare

243 2215 497 2281 demonstrant:
532 2214 595 2280 sed
625 2201 714 2303 ego,
747 2213 826 2301 quid
857 2231 1013 2302 sperem,
1046 2230 1115 2278 non
1142 2213 1307 2305 dispicio,

243 2341 341 2409 quum
360 2316 483 2387 inimici
501 2321 676 2407 plurimum
697 2322 853 2409 valeant,
875 2321 974 2386 amici
994 2320 1116 2406 partim
1137 2319 1310 2391 deserue-

241 2429 311 2495 rint
336 2446 408 2514 me,
438 2430 561 2515 partim
580 2431 682 2496 etiarn
702 2429 933 2515 prodiderint:
966 2427 1076 2513 quiin
1098 2444 1173 2491 meo
1195 2426 1309 2493 reditu

242 2535 389 2602 fortasse
402 2537 697 2623 reprehensionem
711 2537 764 2602 sui
777 2535 918 2603 sceleris
932 2534 1184 2619 pertimescant.
1222 2531 1309 2620 Sed,

241 2641 311 2708 ista
333 2643 446 2729 qualia
466 2644 553 2731 siut,
584 2647 621 2707 tu
641 2643 742 2710 velim
763 2641 951 2729 perspicias
972 2639 1117 2726 mihique
1139 2638 1309 2706 declares.

241 2747 321 2838 Ego
348 2752 480 2836 tamen,
512 2747 666 2834 quamdiu
693 2747 754 2813 tihi
783 2768 868 2834 opus
896 2748 978 2836 erit,
1009 2749 1040 2812 si
1066 2745 1144 2834 quid
1165 2746 1311 2832 periculi

241 2851 450 2918 subeundum
478 2851 629 2942 videbis,
660 2854 791 2940 vivam3
824 2853 948 2918 diutius
975 2852 1010 2917 in
1035 2850 1099 2917 hac
1127 2852 1200 2917 vita
1230 2870 1310 2919 esse

242 2976 310 3023 non
325 2976 473 3042 possum.
514 2958 636 3045 Neque
655 2963 744 3027 enim
764 2963 892 3026 tantum
908 2957 1026 3024 virium
1043 2958 1146 3024 hahet
1162 2957 1233 3023 ulla
1249 2963 1311 3026 aut

242 3063 422 3152 prudentia
441 3067 500 3130 aut
513 3063 677 3155 doctrina,
699 3068 735 3132 ut
750 3069 879 3133 tantum
897 3064 1046 3133 dolorem
1064 3065 1176 3152 possit
1197 3066 1308 3132 susti-

307 3293 331 3363 l.
355 3296 379 3351 ὅ.
412 3295 564 3358 dimicatio,
588 3295 674 3350 intell.
695 3294 914 3367 repetundarum
937 3295 1156 3361 accusationem,
1183 3310 1259 3366 qnae
1283 3293 1308 3350 ei

242 3359 435 3432 impendebat3
459 3361 529 3414 infra
547 3361 649 3444 haege
674 3365 701 3442 qi
715 3362 778 3443 quid
792 3364 908 3432 periculi
920 3362 1080 3416 subeundum
1095 3360 1200 3415 videbas.
1216 3394 1252 3406 -
1286 3364 1314 3414 σι’

164 3465 166 3469 ’
243 3423 1313 3565 catthathhiiahinsilistis?1³¹hlhlh⁰ldhalh

243 3556 281 3609 cb
301 3560 470 3629 provinciam
491 3575 574 3612 avare
594 3559 867 3614 administratam.-
901 3559 1075 3621 deseruerint,
1100 3557 1178 3610 nullo
1205 3559 1310 3614 auxilio

264 3625 387 3692 caedito,
399 3627 577 3692 prodiderint,
596 3630 669 3678 malo
686 3625 750 3678 mihi
767 3625 878 3695 inflicto.
898 3624 940 3683 Cf.
951 3625 1019 3678 Phil.
1036 3643 1077 3694 ao,
1090 3623 1116 3686 3,
1132 3642 1156 3691 7.
1173 3623 1310 3681 Doederl.

242 3639 393 3760 Kynonym.
408 3692 438 3746 P.
453 3692 476 3745 ὃ.
491 3711 521 3764 ρ.
533 3709 582 3764 cqo
595 3709 641 3770 sq..
654 3702 682 3746 et
697 3691 731 3744 da
748 3707 779 3745 ra
796 3711 822 3746 v.
837 3696 871 3744 ad
887 3695 944 3747 Aut.
960 3693 1078 3762 3‚19...
1104 3689 1252 3757 reprehens.
1267 3693 1312 3743 sci

243 3757 297 3810 scel
326 3759 365 3818 is,
389 3773 490 3828 quum,
514 3775 557 3811 me
575 3769 718 3826 restituto,
735 3759 819 3830 magis
835 3758 916 3813 etiam
932 3774 1030 3812 eorum
1044 3754 1172 3825 iniquitas
1187 3766 1311 3826 pateret.

293 3774 397 3892 ginand,
413 3824 462 3873 cibi
477 3842 518 3893 op.
538 3827 588 3876 eric
604 3851 636 3874 =
655 3823 787 3897 quamdiu
805 3825 858 3880 vita
879 3840 939 3878 mea
957 3824 1006 3878 tihi
1024 3824 1168 3877 utilitatem
1184 3821 1310 3894 aliquam

244 3888 348 3941 afferre
371 3888 528 3960 poteris-
567 3893 711 3959 prudentio
736 3909 761 3949 a.
785 3892 885 3955 doctr⁸¹
912 3889 1085 3964 philosophia
1105 3886 1230 3956 practica
1259 3898 1311 3945 aut

242 3955 412 4031 theoretica,
431 3970 500 4026 quas
518 3972 566 4010 nos
584 3956 705 4014 dicimus.
