2768 4866
456 302 519 365 utu.
539 302 571 364 11.
613 300 664 362 ΕΡ.
685 300 719 361 Χ.
814 298 826 323 ”
1072 295 1124 364 85

56 486 142 553 rium
170 487 281 551 autern
311 484 464 552 nostrum
488 481 525 546 in
548 477 704 546 lecticam
734 479 925 546 mehercule
953 479 1123 546 coniecis-

58 610 156 679 sem,
186 608 255 656 non
281 587 375 655 illam
402 587 499 674 regis
526 585 712 653 Ptolemaei
739 585 959 674 Anicianam,
988 586 1123 676 memini

59 697 147 763 enim
171 715 266 783 quum
289 694 455 762 homiuem
474 694 645 779 portarem
666 692 710 758 ad
731 692 836 759 Baias
858 693 1004 779 Neapoli
1025 698 1123 760 octo-

60 801 164 890 phoro
185 802 374 888 Aniciano,
407 798 705 885 machaerophoris
734 803 867 865 centum
888 799 1124 886 sequentihus,

58 909 162 975 miros
183 909 272 976 risus
294 927 357 974 nos
379 905 501 994 edere,
533 924 631 991 quum
656 905 716 971 ille
741 905 888 992 ignarus
908 909 960 972 sui
981 907 1124 973 comita-

58 1023 137 1105 tus,
158 1019 299 1104 repente
318 1013 452 1102 aperuit
466 1011 633 1097 lecticam,
655 1016 689 1078 et
704 1031 815 1097 paene
830 1012 888 1079 ille
903 1013 1033 1102 timore,
1056 1033 1124 1102 ego

58 1124 130 1190 risu
152 1121 272 1190 corrui.
314 1121 433 1207 llunc,
457 1121 495 1184 ut
514 1116 610 1204 dieo,
632 1119 726 1182 certe
747 1116 1039 1206 sustulissem‚·ut
1055 1120 1123 1185 ali-

60 1227 195 1315 quando
216 1225 435 1293 subtilitatem
454 1222 584 1290 veteris
609 1221 809 1288 urbanitatis
835 1225 872 1288 et
897 1222 1125 1290 humanissimi

59 1333 227 1400 sermonis
240 1334 457 1420 attingerem.
499 1328 571 1398 Sel
589 1327 755 1394 hominem
772 1328 934 1396 infirmum
954 1330 989 1396 in
1008 1330 1124 1397 villam

61 1445 213 1527 apertam
234 1458 276 1507 ac
295 1457 340 1506 ne
358 1437 477 1517 rudem
497 1433 630 1522 quidem
651 1437 839 1501 etiamnunc
859 1435 1006 1502 invitare
1022 1435 1124 1503 nolui.

59 1550 135 1616 Hoc
161 1565 245 1615 vero
272 1546 352 1612 mihi
381 1541 553 1629 peculiare
579 1539 719 1629 fuerit,
736 1541 791 1607 hic
813 1541 921 1607 etiam
948 1542 1015 1607 isto
1047 1543 1123 1607 frui.
1166 1533 1200 1600 3.

59 1656 149 1722 Nam
168 1653 300 1719 illorum
322 1649 530 1742 praediorum
546 1647 633 1714 scito
651 1647 731 1713 mihi
744 1647 890 1714 vicinum
907 1646 1047 1713 Marium
1067 1648 1124 1713 lu-

59 1779 138 1829 men
165 1777 255 1826 esse.
303 1756 406 1845 Apud
434 1756 589 1821 Anicium
609 1753 797 1822 uidebimus
824 1758 859 1819 ut
886 1759 1039 1838 paratum
1067 1755 1123 1855 sit.

57 1870 137 1941 Nos
159 1867 247 1936 euim
266 1866 314 1939 ita
334 1863 501 1952 philologi
521 1879 653 1947 sumus,
674 1865 711 1928 ut
731 1859 790 1930 vel
812 1878 885 1928 cum
902 1859 1009 1934 fabris
1024 1858 1122 1926 habi·
1156 1863 1158 1867 ’

61 2078 165 2146 vixisti,
187 2080 271 2147 ricfit
294 2077 310 2131 i.
327 2093 350 2132 a.
371 2075 445 2131 hunc
470 2093 564 2131 rerum
587 2075 711 2132 ordinem
736 2093 794 2132 esee
816 2076 875 2132 acia.
897 2111 930 2122 --
972 2073 1013 2134 .i'e
1035 2078 1119 2144 πάσας

58 2163 96 2202 ac.
113 2147 269 2212 μελεδῶνας,
287 2143 365 2198 mitte
383 2160 478 2198 omnes
495 2161 584 2197 curae.
597 2177 631 2189 -
663 2145 701 2198 M.
716 2145 844 2207 Murrum,
864 2144 1000 2198 hominem
1014 2145 1121 2199 infirma

62 2210 235 2276 valetudine,
251 2211 396 2264 literarum
411 2208 502 2264 studio
517 2207 647 2265 deditum.
681 2210 716 2266 V.
731 2208 764 2262 ad
778 2208 831 2262 div.
847 2228 878 2278 7,
894 2213 948 2264 no.
958 2212 981 2268 3.
992 2215 1016 2278 4.
1036 2212 1122 2288 Quin·
1183 2236 1186 2241 ·

62 2286 108 2328 tue
125 2276 153 2328 in
171 2276 285 2346 epistola
306 2292 355 2329 aua
369 2276 485 2330 miratus
503 2291 563 2329 eoae
584 2274 708 2343 videtur,
735 2292 787 2328 cur
807 2277 921 2330 Marcus
943 2278 1123 2348 proficiscens

61 2341 137 2394 hunc
149 2357 320 2394 communem
334 2341 458 2412 iptorum
475 2340 590 2395 amicum
606 2359 661 2395 nou
676 2357 770 2396 aecum
783 2358 832 2396 rua
845 2339 1004 2411 abduxerit3
1023 2344 1121 2397 Cicero

59 2423 171 2460 caueam
190 2406 272 2461 affert
284 2406 419 2460 infirmam
436 2407 494 2461 eius
510 2407 700 2463 valetudinem.
718 2439 752 2451 -
784 2409 812 2459 in
823 2409 885 2463 troc.
897 2428 932 2465 m.
944 2412 1121 2472 coniecissem,

59 2483 92 2527 ut
103 2487 211 2526 mecum
225 2472 252 2526 in
268 2473 359 2526 villam
371 2473 508 2528 tollerem.
523 2505 557 2519 -
587 2477 660 2543 regia
670 2474 828 2536 Ptolemaei,
844 2490 927 2544 quam
937 2472 1123 2539 Ptolemaeue'⁹

57 2538 178 2610 Aegypti
199 2555 265 2607 rer,
287 2538 426 2595 acivibua
443 2540 499 2593 auia
522 2540 619 2612 pulsus
643 2541 747 2593 Romae
763 2555 850 2621 quum
867 2551 953 2608 caret,
978 2541 1030 2594 sibi
1050 2543 1122 2596 strui

58 2614 208 2662 curaverat
224 2604 382 2679 magnilica,
400 2605 498 2660 deiude
514 2618 606 2660 autem
622 2605 718 2661 Anicio
735 2605 859 2670 cuidam,
876 2608 923 2660 uni
941 2624 974 2660 ex
989 2607 1046 2664 auia
1064 2623 1123 2660 cre·

57 2668 208 2737 diocribus,
225 2670 303 2726 cuiue
318 2687 406 2744 opera
423 2689 489 2726 urus
507 2683 577 2738 erat,
595 2669 801 2728 donodederat.
835 2671 995 2744 significare
1013 2671 1122 2728 videtur

28 2747 29 2752 ’
56 2738 86 2790 0.
99 2740 221 2789 Anicium
242 2747 406 2792 senatorem.
440 2741 476 2792 V.
494 2736 529 2788 ad
546 2736 730 2806 div.7‚a6‚r
739 2755 748 2805 3
774 2754 883 2805 ru‚ar‚
900 2738 1053 2811 quirillum
1068 2740 1122 2792 Pu·

57 2802 138 2859 teolie
161 2802 189 2856 in
212 2803 362 2873 Campania
381 2818 473 2874 prope
496 2803 657 2857 Ciceronem
676 2801 846 2882 poaaidcbat.
865 2836 898 2848 -
937 2806 1122 2875 mochum-oph.

58 2879 127 2922 cent.
143 2887 215 2939 rep,
238 2884 310 2940 quoa
325 2867 425 2921 Cicero
443 2867 562 2922 fortunae
579 2871 614 2922 ab
630 2869 726 2922 Anicio
739 2880 891 2934 sumserat,
908 2872 1014 2924 Mariua
1030 2881 1122 2924 autom

58 2932 95 2986 ah
111 2933 187 2987 initio
209 2951 267 2988 uon
285 2930 399 2987 viderat.
443 2935 538 3012 Quare
557 2934 618 3003 hic,
643 2934 696 2987 ioci
716 2935 843 3007 ignarus,
867 2936 893 2989 iu
915 2936 1012 2991 itinere
1030 2936 1130 2990 cubita.

57 3001 148 3070 apecic
164 2999 334 3073 perterritus
350 3008 401 3054 eet.
417 3032 450 3042 -
484 3002 633 3080 octaphoro·
645 2998 663 3054 i.
684 3015 707 3054 a.
720 3001 818 3082 lectica
835 3000 871 3055 ab
889 3012 953 3058 octo
967 3002 1121 3057 hominibus

58 3064 1122 3206 aarummarmoreo.uitulorumuc

58 3207 147 3269 caput
164 3214 179 3251 c
194 3199 292 3254 lectica
306 3198 435 3254 excernit.
450 3231 482 3241 —
514 3201 609 3262 Hunc,
626 3213 656 3252 uc
671 3201 735 3254 daho.
770 3201 811 3254 lta
828 3201 986 3257 coniecerat
998 3204 1121 3267 Manat,

59 3264 109 3384 gui
125 3263 224 3318 haecce
238 3265 393 3321 adnotavitr
408 3263 508 3319 »Facit
521 3266 574 3320 hoc
589 3264 704 3333 Cicero,
717 3283 804 3337 quum
817 3265 852 3321 de
867 3266 961 3339 aliquo
976 3283 1122 3339 aggressus

80 3329 169 3395 icere,
182 3327 215 3381 dc
229 3330 325 3385 eodem
339 3330 443 3405 aliquid
458 3347 473 3384 a
488 3347 521 3385 re
532 3342 625 3386 tamen
639 3333 782 3403 proposita
795 3333 948 3386 seiunctum
962 3333 1135 3403 interponit<

58 3410 159 3451 rureur
174 3391 208 3445 ud
221 3394 265 3462 th,
282 3395 359 3469 quod
373 3416 423 3453 coe
445 3406 522 3466 erat,
539 3401 687 3466 reversus,
706 3398 756 3450 hoc
773 3397 860 3452 utitur
872 3398 1002 3472 loquendi
1014 3400 1121 3456 modo«

56 3465 108 3517 Err
123 3459 206 3532 igitur
223 3464 391 3543 epanalepsis.
456 3463 521 3546 algo
538 3477 609 3518 tunc.
625 3494 659 3507 —-
691 3465 880 3535 utaliquando
898 3506 944 3520 ...
963 3467 1122 3531 attengercm

57 3530 75 3584 i.
90 3546 114 3582 e.
131 3537 162 3580 ut
175 3524 284 3580 urbano
297 3528 371 3583 illiue
385 3529 636 3601 humameeimoque
651 3546 786 3595 sermone,
804 3540 928 3584 veterum
942 3530 1045 3584 aclibus
1059 3548 1122 3585 con-

57 3593 115 3649 dito
131 3593 252 3646 fruerer.
266 3623 299 3635 -
332 3609 469 3663 apertum,
486 3613 559 3669 quae
572 3613 656 3650 aurae
669 3597 822 3668 permeauti
834 3604 926 3667 patet,
940 3615 973 3649 ac
987 3614 1019 3648 ne
1031 3599 1122 3651 rudem

57 3661 176 3733 quidem,
194 3657 236 3712 vir
251 3675 285 3712 eo
302 3675 391 3730 usquc
409 3671 592 3732 exstructam,
611 3674 642 3719 ut
657 3662 798 3718 subtecto
813 3661 939 3717 habitare
955 3663 1043 3719 liccat.

70 3803 72 3806 ,
124 3759 151 3822 s.
168 3753 192 3807 3.
226 3752 292 3804 mihi
302 3751 450 3822 peculiare,
466 3755 583 3827 propria
598 3771 658 3808 mea
674 3754 811 3826 voluptas,
827 3744 892 3806 mihi
905 3753 983 3809 nullo
998 3773 1061 3809 cum
1073 3755 1122 3810 ho·

56 3819 128 3872 mine
146 3817 307 3876 communie.
323 3850 357 3864 -
389 3818 497 3872 illorum
508 3821 681 3890 praediorum
700 3820 728 3872 in
742 3835 811 3892 agro
827 3820 985 3893 Campano,
1007 3820 1056 3874 uhi
1073 3821 1122 3875 vil-

55 3887 112 3940 lum
128 3884 310 3964 Marii-fuisse
326 3892 404 3957 patet
421 3901 455 3938 ex
472 3900 518 3956 cp.
536 3884 570 3939 ad
587 3884 640 3941 div.
652 3904 683 3971 7,
696 3885 727 3950 3,
741 3904 761 3938 r.
777 3917 811 3965 3-
844 3887 930 3938 lamen
946 3885 961 3940 i.
974 3904 999 3942 c.
1012 3886 1121 3961 luminis

56 3951 308 4096 litzutttttt
309 3951 1085 4073 ”hi‘llltttlaihtaltltlautitia-ott
1087 3953 1124 4063 ‘1⁰'

58 4093 90 4135 at
104 4093 232 4152 paratum
248 4085 285 4135 rit
300 4102 318 4136 r.
336 4099 359 4140 e.
373 4093 406 4139 ut
422 4083 514 4139 omnia
528 4081 563 4138 ad
578 4082 719 4138 commode
739 4082 927 4157 excipiendum
946 4084 1066 4140 Marium
1083 4101 1121 4136 m·

58 4147 170 4205 firmum
190 4147 244 4203 aiut
260 4159 367 4224 'parata
383 4182 416 4195 -
456 4153 496 4204 tta
510 4151 644 4222 philologi
657 4168 748 4203 samue
764 4175 796 4202 =
813 4150 851 4206 ita
867 4151 1011 4206 literarum
1030 4146 1120 4204 erudio
