2768 4866
463 237 526 299 ΠΒ.
549 236 593 301 ut.
610 288 615 294 .
632 236 686 299 ΕΡ.
706 237 726 297 Ι,
1067 238 1125 314 tlt

60 421 183 512 quibus
201 423 256 493 est
269 420 397 505 atrium
421 419 551 487 mnium:
582 435 655 487 uec.
668 417 795 487 habore
814 424 950 509 poterat
969 420 1129 491 adiuncta

59 527 215 598 cubiculo
233 532 270 596 ct
289 525 455 596 eiusmodi
479 525 637 603 membra.
689 526 796 605 Nune
816 527 903 596 haec
929 528 988 597 vel
1016 529 1128 599 hone·

58 639 153 707 state
172 635 356 704 testudinis
374 633 478 702 valde
497 633 580 713 boui
595 633 720 701 aestivi
735 631 1032 703 locumobtioobit.
1074 634 1127 706 'lu

62 746 176 812 tamen
195 740 228 808 si
248 739 347 816 aliter
367 739 496 826 sentis,
516 740 668 807 rescribe
690 760 788 831 quom
802 740 953 828 primum.
993 742 1034 809 In
1049 741 1126 810 bol..

59 849 188 931 usuriis
215 866 301 916 assa
326 847 363 915 in
388 846 534 915 alterum
561 847 753 935 apodyterii
772 846 935 936 ungulum
950 848 1126 939 promovi,

59 961 245 1046 propterea
264 953 353 1042 quod
373 952 421 1022 ita
439 956 536 1020 erant
556 955 690 1045 posita,
711 957 749 1023 ut
769 973 886 1023 eorum
900 955 1127 1046 vaporarium,

61 1061 131 1154 [ex
162 1079 233 1150 qoo-
262 1061 354 1149 ignis
382 1054 564 1149 erumpit,]
602 1066 703 1131 esset.
731 1062 919 1129 subiectum
952 1061 1126 1129 cubiculis.

59 1166 269 1257 subgrande
296 1165 481 1239 cubiculum
508 1169 622 1233 autem
649 1170 686 1233 et
702 1165 879 1236 hibernum
899 1165 1003 1233 altum
1024 1165 1127 1235 valde

57 1279 221 1368 probavi,
253 1275 342 1365 qood
362 1279 398 1343 et
417 1274 530 1362 ampla
552 1278 651 1342 erant
671 1279 707 1343 et
726 1275 800 1342 loeo
820 1278 951 1364 posita,
973 1274 1126 1343 ambula·

58 1385 175 1453 tiouis-
192 1401 260 1451 uno
287 1383 414 1471 latere,
446 1399 506 1469 eo,
538 1380 627 1467 quod
655 1382 913 1466 est-proximum
933 1380 1125 1448 balneariis.

58 1489 243 1562 Columnas
264 1505 374 1577 neque
395 1491 511 1554 rectas
531 1504 640 1574 neque
661 1505 682 1554 e
702 1486 846 1573 regione
867 1484 1021 1572 Diphilus
1050 1485 1125 1555 col-

56 1599 200 1667 locarat.
251 1596 327 1663 Eas
347 1594 479 1661 scilicet
500 1593 707 1667 demolietur.
754 1590 947 1680 Aliquando
975 1609 1125 1678 perpen-

56 1705 169 1773 diculo
190 1705 226 1770 et
245 1702 339 1771 linea
361 1699 470 1768 discet
490 1701 549 1767 uti.
602 1701 745 1771 Omnino
767 1719 868 1788 spero
887 1699 1007 1784 paucis
1027 1715 1125 1764 men.

56 1814 152 1882 sibus
169 1831 255 1902 opus
266 1808 394 1897 Diphili
413 1808 600 1896 perfectum
619 1809 708 1877 iore·
745 1805 852 1876 Curat
869 1808 958 1879 enim
971 1806 1124 1892 diligen·
1202 1885 1205 1890 ,

56 1921 188 1990 tissime
209 1918 374 2007 Caesius,
396 1917 453 2004 qui
472 1919 543 1984 tum
562 1935 694 1991 mecum
712 1915 787 1985 buit.

58 2175 186 2229 eiusmodi
205 2175 337 2237 membro,
357 2184 453 2247 partes
471 2173 587 2240 atriolo,
610 2172 690 2291 phrasi
707 2168 832 2224 membra
852 2171 982 2242 corpori,
996 2169 1125 2224 adiectas.

58 2274 91 2284 -
115 2240 191 2292 Nune
211 2242 274 2291 boec
375 2241 505 2293 obtinebit.
547 2242 590 2294 Ila
633 2257 650 2290 u

58 2305 174 2361 Sebiita.
208 2304 329 2359 Sensus:
346 2306 418 2357 Haec
434 2308 587 2378 (porticus)
604 2311 663 2373 (ut)
683 2321 753 2356 nunc
770 2308 839 2371 (est)
856 2305 899 2354 nel
913 2305 974 2422 ipso
990 2303 1125 2380 honestate

59 2378 114 2441 (am
138 2375 165 2423 la
183 2370 273 2442 specie
288 2381 316 2424 et
332 2371 488 2439 altitudine)
504 2373 644 2424 testudrbr‘s
660 2369 783 2420 obtr'nebr‘t
800 2370 887 2423 locam
908 2380 919 2438 (
942 2367 1035 2422 abebrt
1052 2387 1125 2423 coru·

652 2253 685 2291 nc
704 2237 797 2289 locum
821 2237 981 2291 coniectura
1004 2239 1125 2291 correxit

56 2455 103 2491 mo
125 2441 184 2505 um)
201 2436 276 2488 ualde
292 2437 354 2489 boni
367 2441 464 2490 uestrbr'
477 2437 625 2507 (cubiculi)
643 2453 665 2490 s.
678 2434 705 2488 id
721 2433 834 2490 babebit
847 2436 992 2500 commodi,
1005 2436 1082 2505 quod
1096 2436 1125 2490 in

57 2510 161 2557 aestate
175 2500 340 2570 testudines,
366 2503 453 2558 bieme
468 2505 570 2558 aestivo
584 2504 655 2557 loca.
704 2501 814 2554 Tertullo
831 2512 873 2555 ert
891 2502 968 2555 locos
984 2518 1125 2554 concauus·

55 2579 151 2633 rotas,
167 2584 277 2621 camere
293 2569 435 2626 fornicata.
462 2572 497 2624 V.
511 2571 567 2626 Cic.
578 2573 660 2625 Brut.
671 2584 711 2622 on.
729 2569 823 2621 Varro
836 2568 866 2620 1..
874 2568 905 2620 L.
918 2570 951 2636 4,
962 2567 1003 2621 33.
1038 2566 1083 2621 hd
1099 2586 1125 2622 v.

54 2638 149 2687 aestivi
169 2634 280 2689 sohuu.
298 2636 379 2690 offert
396 2654 429 2690 ex
444 2637 513 2690 Plio.
532 2653 575 2709 cp.
593 2655 625 2703 o,
644 2653 682 2704 ¹7·
704 2632 861 2686 cubiculum
883 2633 1025 2688 altitudine
1047 2633 1125 2687 oesti-

54 2718 128 2753 vum.
168 2701 262 2770 Vulgo
285 2713 422 2773 corrupte
442 2702 558 2776 legitur:
586 2703 662 2755 Nunc
683 2702 731 2752 boo
750 2700 793 2751 orl
812 2700 948 2752 honestate
969 2699 1124 2762 testudines,

55 2767 99 2818 uel
112 2767 189 2817 valde
204 2767 266 2817 boni
279 2771 408 2820 aestrbom
423 2769 509 2820 locum
526 2769 657 2820 obtinebit.
698 2765 839 2819 Manutius
855 2764 1024 2818 emendavit:
1048 2765 1125 2816 Nune

54 2833 104 2885 lroo
120 2830 163 2882 ool
177 2834 203 2882 ἐκ
218 2844 319 2883 aestate
334 2834 491 2895 testudinis,
507 2834 550 2884 vel
562 2835 642 2886 bieme
656 2833 784 2883 aestiuum
802 2831 888 2885 locum
903 2833 1034 2883 obtinebit.
1067 2828 1125 2884 Sed

55 2916 82 2951 v.
98 2899 234 2948 bonemote
249 2914 305 2949 non
319 2914 378 2951 esse
394 2898 550 2952 mutandam
568 2915 657 2970 euque
674 2897 837 2950 Ciceronem
854 2897 925 2951 infra
942 2897 982 2951 uti
999 2904 1022 2965 §.
1039 2899 1076 3013 ¹b,
1097 2897 1126 2947 id

56 2981 109 3014 non
129 2964 235 3014 bonerto
248 2967 336 3030 uergit
351 2966 378 3014 ἐπ
393 2975 509 3027 tectum,
533 2976 611 3018 recte
629 2972 722 3016 mouet
737 2961 888 3034 Bentivogl.
906 2995 937 3006 -
977 2981 1040 3016 asso
1075 2979 1123 3016 .e.

56 3027 216 3096 sudatoria,
233 3026 311 3082 locus
329 3029 355 3082 in
370 3029 492 3099 balneis,
515 3031 564 3084 ubi
579 3047 640 3084 aoso
655 3030 672 3082 i.
689 3045 712 3084 e.
729 3029 791 3082 solo
809 3030 903 3083 calore
918 3027 1005 3083 sudor
1021 3047 1125 3099 provo·

56 3093 189 3160 cubator,
213 3111 269 3149 non
291 3093 411 3149 adbibita
434 3112 523 3168 aqna,
548 3097 596 3150 ubi
618 3093 772 3151 sudabatur
791 3105 914 3162 tontum,
939 3095 997 3149 sine
1012 3095 1124 3149 lotione.

56 3161 94 3214 V.
112 3161 210 3215 Sanco.
232 3177 276 3231 ep.
291 3162 330 3215 51.
372 3160 552 3216 Eadem‘esse
568 3173 648 3235 putat
666 3159 826 3218 Schneider.
848 3160 882 3216 ad
896 3161 1007 3217 Vitruv.
1027 3163 1057 3226 5,
1076 3178 1124 3228 ro,

57 3243 130 3299 quoe
146 3226 276 3281 Vitruvio
294 3226 415 3281 caldonio
436 3226 573 3283 dicuntur.
606 3231 649 3284 Gt.
671 3227 751 3281 etiem
776 3229 843 3282 Ern.
866 3226 921 3281 ind.
942 3227 989 3280 lot.
1009 3243 1029 3278 c.
1046 3246 1071 3280 v.
1091 3259 1124 3268 —

55 3292 224 3362 apodyterir',
242 3293 291 3347 obi
305 3292 424 3347 levaturi
439 3305 529 3348 vestes
542 3294 718 3366 deponebant
728 3292 756 3345 in
769 3293 885 3360 balneis,
900 3292 936 3346 oh
951 3292 1078 3347 ἀποδύειν.
1091 3324 1124 3334 -

53 3376 88 3410 oa
108 3360 229 3410 orarium
243 3358 315 3413 idem
337 3356 412 3432 quod
429 3361 620 3430 hypocauston
636 3377 659 3414 s.
680 3360 794 3424 fornax,
819 3359 848 3413 in
868 3375 924 3431 quc
942 3357 951 3410 i
970 3359 1011 3412 nis
1033 3373 1123 3429 aquae

53 3377 255 3478 cobbfsciandco
274 3426 461 3479 succenditur.
496 3429 531 3482 V.
546 3426 654 3482 Vitruv.
670 3425 701 3492 5,
718 3441 756 3477 ro.
779 3427 838 3479 Cat.
849 3425 883 3478 R.
895 3426 928 3478 R.
941 3376 983 3479 ὦ.
1004 3458 1037 3470 -
1070 3421 1123 3500 [ex

54 3508 108 3610 tn
122 3489 348 3608 “u‘cucut·
375 3492 692 3614 insuetus
707 3488 1124 3610 esurrectione·

53 3592 122 3673 euseb
140 3573 442 3685 bbtb'ctommbobbbubbb,
471 3576 592 3696 ibbbbpob
603 3573 849 3678 bobnbiiocaomm
864 3576 1003 3695 prebbbere
1020 3576 1122 3693 bobun-t.

53 3719 88 3732 -
106 3687 262 3755 Snbgrunde
276 3690 356 3740 cubic.
373 3701 469 3744 antem.
502 3692 610 3745 Ernest.
630 3689 778 3760 tegendum
799 3689 947 3761 proposuit
967 3690 1123 3755 Snbgronde

53 3753 202 3807 cubiculum
225 3756 369 3816 asstabant,
395 3754 471 3836 quood
492 3758 621 3829 probavit
647 3758 758 3812 schum
804 3759 843 3809 At
872 3755 945 3828 vulg.
970 3756 1122 3822 subgrande

54 3817 158 3872 dictum
182 3836 241 3874 esse
266 3837 319 3891 pro
340 3834 469 3874 centenum
491 3834 583 3876 monet
606 3822 760 3895 Bentivogl.
777 3852 810 3865 -
845 3822 902 3874 loco
925 3839 961 3874 so.
979 3820 1079 3875 idoneo
1098 3839 1121 3875 s.

53 3885 137 3941 iusto.
154 3918 187 3930 -
217 3905 231 3937 e
247 3889 366 3955 regione,
381 3897 413 3941 ut
427 3899 517 3943 essent
531 3889 691 3959 parallelae,
709 3900 739 3942 ut
754 3889 842 3942 altera
857 3886 938 3942 alteri
954 3903 986 3940 ex
1001 3888 1121 3941 adverso

52 3952 246 4021 responderet.
258 3985 291 3998 -
306 3955 503 4022 perpendiculo,
519 3965 548 4008 ot
562 3965 661 4024 rectas,
675 3957 755 4016 lobea,
768 3965 799 4010 ut
815 3972 830 4008 o
846 3954 957 4026 regione
971 3964 999 4008 et
1011 3952 1122 4023 aequali
1194 4012 1196 4017 ,

52 4016 181 4071 distantia
193 4019 309 4074 collocet
323 4022 473 4075 columnas.
485 4053 518 4065 -
542 4023 659 4085 Caesius,
678 4021 785 4075 villicus
801 4032 849 4076 out
862 4031 938 4076 certo
973 4021 1122 4074 r'oourator

53 4082 150 4161 Quinti
157 4102 168 4153 3
180 4082 297 4140 fortasse
309 4083 381 4148 idern
392 4086 540 4159 qui,·supra
553 4105 576 4156 r,
587 4106 613 4156 a,
628 4092 658 4154 ¹4
674 4098 702 4143 et
717 4105 742 4156 o,
754 4089 771 4156 4
783 4087 945 4143 nominatur
982 4083 1120 4142 .Caeaius.
