2768 4866
260 221 332 290 28·
409 225 446 288 lt.
468 225 499 285 Τ.
520 222 701 285 utcuuulus
725 221 876 286 urtswt.
895 223 944 286 au
965 224 996 295 Ο.
1017 223 1192 286 FRATREM
1300 273 1302 280 ,

264 409 358 470 teras
378 408 561 488 exspecto:
582 408 683 490 atque
703 402 814 470 adhuc
835 403 987 470 clausum
1003 423 1096 471 mare
1113 406 1230 474 fuisse
1244 407 1331 498 seio5

264 508 327 576 sed
359 508 516 595 quosdam
547 511 686 577 venisse
717 515 826 576 tamen
859 508 957 579 Olbia
987 509 1171 598 dicebant,
1209 514 1268 600 qui
1301 521 1330 580 te

264 618 364 681 unice
391 615 568 681 laudarent
594 616 790 702 plurimique
816 617 850 681 in
875 616 1051 703 provincia
1071 615 1145 682 lieri
1167 617 1328 686 dicerent

264 721 413 790 Eosdem
435 721 573 788 aiebant
593 724 748 788 nuntiare
776 727 811 788 te
839 723 946 808 prima
971 724 1197 810 navigatione
1218 730 1329 791 trans-

265 829 453 895 missurum.
502 827 543 894 Id
565 830 685 915 cupio:
712 832 768 916 et,
794 847 991 914 quamquam
1010 831 1179 915 teipsum
1201 831 1328 898 scilicet

265 936 430 1020 maxine,
460 939 574 1000 tamen
594 937 695 1001 etiam
716 935 834 1001 literas
857 942 935 1001 tuas
955 941 1036 1002 ante
1056 943 1237 1023 exspecto.
1286 937 1326 1004 lli

266 1041 395 1131 irater,
415 1039 503 1108 vale.

584 1319 874 1427 Anulsuoua
905 1321 994 1397 vu.

344 1473 453 1550 Scripta
473 1474 547 1533 Antii
568 1472 594 1532 d.
614 1473 658 1532 lll.
679 1473 716 1533 ld.
737 1477 804 1551 Apr,
825 1475 858 1535 l
879 1474 911 1535 U.
932 1474 962 1535 C.
983 1473 1044 1534 698
1065 1479 1105 1550 (a.
1126 1474 1193 1536 Chr.
1217 1479 1274 1552 56)

657 1571 753 1633 iisdem
774 1572 942 1635 consulibus.

272 1705 480 1772 Arqrraeatrun.
516 1699 621 1754 Scribit
640 1698 673 1752 de
689 1699 834 1779 itineribus
852 1703 909 1756 auia
926 1712 978 1774 per
996 1701 1090 1768 villae,
1114 1710 1143 1758 et
1161 1701 1198 1758 dc
1217 1703 1328 1757 aedider-

369 1783 443 1839 tione
459 1783 562 1838 Arcani
579 1792 739 1839 sustentata.

537 1931 731 2002 mancus
760 1932 799 2015 o.
828 1932 1004 1999 uanum
1032 1931 1071 2001 s,

358 2058 401 2122 A.
431 2055 463 2122 d.
490 2055 552 2127 111.
580 2055 631 2120 ld.
661 2055 766 2140 April.
797 2061 876 2122 ante
906 2056 1014 2123 lucem
1043 2057 1131 2122 hane
1160 2057 1334 2144 epistolam

276 2162 484 2229 dictaveram
506 2175 664 2248 eramque
686 2163 721 2227 in
741 2163 880 2251 itinere,
902 2169 1001 2230 uteo
1024 2163 1077 2229 die
1098 2164 1192 2251 apud
1214 2165 1255 2230 T.
1278 2165 1335 2229 'li-

275 2270 356 2335 tium
377 2268 411 2334 in
434 2269 618 2357 Anagnino
640 2289 818 2337 manerem.
870 2270 1040 2336 Postridie
1068 2276 1182 2337 autem
1212 2271 1248 2336 in
1269 2271 1335 2336 La-

277 2379 361 2443 terio
385 2376 597 2464 cogitabam:
628 2375 725 2462 iude,
748 2397 846 2463 quum
867 2378 902 2442 in
921 2376 1077 2462 Arpinati
1099 2378 1247 2464 quinque
1268 2375 1335 2441 dies

277 2483 435 2571 fuissem,
454 2484 506 2550 ire
526 2485 560 2549 in
580 2483 838 2569 Pompeianumz
858 2482 994 2550 rediens
1016 2482 1196 2569 adspicere
1217 2482 1332 2551 Cuma-

242 2617 249 2631 ·
277 2601 376 2682 num,
399 2596 455 2680 ut,
484 2591 637 2678 quoniam
658 2589 694 2657 in
713 2588 802 2656 Non.
823 2586 934 2656 Maias
954 2586 1072 2656 Miloni
1092 2588 1168 2658 dies
1191 2590 1331 2679 prodicta

279 2800 439 2852 consulatue
449 2797 611 2918 petitionem
632 2795 791 2867 adiuvaret,
810 2807 863 2865 Vaut
882 2808 913 2854 ut
928 2799 964 2853 ab
979 2815 1014 2853 ao
1029 2797 1204 2854 tribunmum
1226 2800 1338 2871 aliquem

279 2865 394 2919 militum
413 2881 449 2918 au
462 2875 546 2921 erret.
581 2855 616 2921 V.
633 2862 704 2918 inira
722 2881 766 2936 cp.
787 2864 834 2933 15,
851 2863 876 2920 3.

346 2965 373 3022 q.
399 2966 425 3025 7.
458 2969 536 3028 atque
552 2982 586 3007 Β
603 2974 634 3010 ac
651 2957 777 3029 quidem.
803 2975 836 3011 ac
852 2973 926 3012 sana.
944 2991 977 3004 -
1016 2959 1135 3012 clausum
1156 2957 1196 3010 ob
1221 2958 1331 3012 hiemem

280 3022 317 3076 V.
335 3023 432 3095 Vrget.
447 3022 481 3074 de
495 3040 527 3076 re
545 3024 621 3077 milit.
634 3029 664 3090 q,
678 3024 725 3095 ³9²
748 3043 779 3076 er
794 3025 836 3076 dio
851 3028 889 3078 Ill
901 3027 992 3077 r'duum
1005 3024 1068 3080 Nor.
1083 3040 1164 3094 arque
1180 3026 1210 3075 in
1229 3026 1296 3077 dim
1311 3022 1342 3075 Vl

261 3090 372 3142 Ιι’(ὶιιιιηι
391 3089 489 3141 Martii
507 3092 595 3141 marr'a
613 3089 777 3143 claudantur
784 3108 797 3153 ,·
822 3107 884 3143 nam
907 3091 953 3144 toa
972 3092 1080 3142 minam
1099 3106 1203 3160 noxque
1220 3092 1340 3160 prolixa,

280 3157 389 3208 nultum
406 3156 539 3216 denatat,
555 3158 626 3207 aira's
640 3155 804 3217 obscuretur,
821 3169 977 3218 uentorum,
996 3157 1117 3207 morium
1132 3157 1176 3206 oet
1186 3159 1289 3208 nivium
1302 3173 1341 3223 gr·

281 3225 385 3274 murata
399 3222 506 3272 saevitia
524 3238 576 3272 raon
594 3221 680 3272 solam
695 3222 791 3274 classes
809 3240 826 3272 a
842 3224 938 3292 pelago
945 3250 956 3285 p
978 3223 1024 3272 red
1040 3223 1119 3272 elram
1137 3234 1340 3274 commeantem

282 3290 408 3340 terrestri
423 3289 517 3340 itincre
533 3288 664 3340 deturbat,
678 3319 708 3330 -
742 3287 827 3342 Olbia.
863 3289 971 3343 Schultz.
984 3305 1045 3340 cum
1061 3286 1187 3340 Manutio
1202 3305 1260 3358 pro
1275 3287 1339 3356 vulg.

281 3355 367 3410 Ostia.
396 3374 418 3407 v.
433 3369 519 3424 supra
539 3352 574 3405 ad
591 3370 634 3423 ep.
650 3352 666 3406 3
680 3363 748 3406 extr.
767 3383 798 3394 -·
828 3357 855 3405 in
868 3356 1028 3422 ρνουίηστά)
1045 3373 1069 3412 v.
1083 3369 1170 3425 supra
1187 3370 1233 3424 ep.
1253 3374 1263 3407 ι
1280 3361 1342 3406 extr.

283 3435 313 3486 a,
330 3418 352 3488 §.
367 3439 390 3476 t.
408 3446 437 3463 ⁴-
469 3421 558 3488 prima
572 3423 679 3487 narig„
695 3419 807 3479 simulac
824 3437 899 3473 mare
914 3420 1062 3491 aperietur.

682 3540 859 3594 EPISTOLt
880 3541 942 3592 Vll.

343 3607 515 3661 Dt'ctuueram
529 3624 652 3678 eramque
669 3618 710 3659 eat
722 3604 875 3659 emendatio
893 3604 1013 3659 scherzii
1029 3622 1084 3677 pro
1097 3603 1168 3676 vulg.
1184 3606 1344 3659 ductaverant

282 3673 489 3742 scripseruntque
511 3707 544 3718 -
582 3676 606 3726 Τ,
622 3674 716 3724 Titium
735 3673 855 3725 levatum
868 3672 990 3744 Pompeii
1010 3672 1037 3725 in
1056 3688 1088 3725 ra
1104 3670 1297 3738 frumentaria,
1312 3667 1343 3721 ud

284 3752 368 3806 quem
392 3748 480 3792 cratat
505 3756 547 3810 ep.
568 3737 600 3790 ad
621 3737 673 3795 dio¹
697 3713 795 3804 nimii.
815 3770 847 3782 -
890 3741 917 3790 in
938 3740 1093 3806 Magnana,
1120 3735 1209 3790 fundo
1232 3738 1261 3792 in
1282 3750 1345 3808 agro

270 3927 272 3931 ¹
286 3867 330 3922 dio

285 3804 439 3944 Anaqniac,
457 3803 534 3858 urbia
550 3804 618 3858 Latii
634 3804 660 3857 iu
678 3804 801 3858 Hernicis
816 3804 911 3872 (hodie
929 3809 1060 3872 Arangae).
1074 3835 1108 3847 -
1142 3805 1253 3856 Lutario
1270 3817 1346 3874 prae·

285 3937 292 3949 Ι
370 3868 436 3924 uinti
457 3869 564 3945 inagro
581 3871 707 3940 Arpinati
748 3871 940 3951 V.⁶in·i'r·al.3.
957 3886 1001 3989 ep.
1019 3866 1121 3950 mist.
1148 3868 1183 3922 ad
1197 3872 1346 3936 Attia,

285 3937 310 3988 d.
331 3954 375 4000 ro,
393 3953 421 3997 1,
440 3953 461 3990 t.
478 3967 511 3979 -
544 3939 687 4005 Arpinati,
703 3940 791 3992 Marcu
806 3938 877 3991 ville
897 3971 929 3982 -
993 3953 1173 4005 omperauum,
1190 3937 1347 3991 Cumanum,

205 4039 220 4047 a
286 4000 376 4054 itidem
393 4002 481 4055 Marci
500 4002 639 4058 Ciceronis
658 4003 764 4059 l'undoa.
784 4037 816 4047 -
855 4005 978 4070 prodicta
1001 4000 1076 4053 dedit
1097 4001 1188 4057 Orell.
1213 4018 1247 4056 ex
1270 3998 1348 4056 codd.

285 4069 373 4136 lunii,
391 4068 431 4125 uti
450 4067 492 4122 bia
508 4067 610 4139 legitur
629 4084 683 4139 pro
704 4068 777 4124 dom.
801 4074 825 4137 §.
836 4071 883 4134 45,
913 4068 961 4121 uhi
976 4087 1004 4121 v.
1015 4065 1125 4135 wore,
1149 4067 1226 4141 apud
1242 4068 1346 4122 Litium
