2768 4866
545 230 607 289 tlt.
628 229 646 288 l.
689 229 737 288 ΕΡ.
761 229 778 285 Ι.
1169 225 1193 293 3

132 437 203 483 rum
224 415 382 503 consulo,
405 412 481 477 dum
503 406 728 494 impudentiae
743 407 976 487 nonnullorum
993 406 1191 495 negotiato—
1261 484 1266 491 .

133 542 204 587 rum
230 521 376 604 resisto,
406 514 484 580 dum
511 519 661 579 nostram
683 513 827 601 gloriam
847 517 906 579 tua
926 513 1051 580 virtute
1072 512 1194 598 augeri

132 632 274 716 expeto,
301 627 369 691 feci
390 642 459 688 non
480 621 673 710 sapienter3
702 621 901 708 praesertim
923 638 1020 706 quum
1041 618 1076 685 id
1098 636 1191 684 com-

131 735 296 819 miserim,
326 737 364 797 ut
390 729 448 794 ille
469 729 558 794 alter
578 747 686 794 annus
708 728 810 796 etiam
831 726 966 792 tertium
986 728 1106 812 posset
1127 722 1192 790 ad-

129 839 264 906 ducere.
308 834 404 919 Quod
422 835 577 923 quoniam
595 839 769 921 peccatum
786 852 895 901 meum
914 851 994 902 esse
1012 832 1192 922 confiteor,
1232 830 1266 897 3.

130 950 185 1013 est
206 944 395 1031 sapientiae
416 947 516 1030 atque
538 942 753 1009 humanitatis
775 945 873 1030 tuae,
907 957 1027 1007 curare
1054 943 1089 1004 et
1110 957 1191 1026 per-

130 1050 252 1135 ficere,
274 1055 310 1114 ut
329 1049 394 1114 hoc
413 1049 522 1113 minus
544 1049 716 1133 sapienter
738 1067 759 1114 a
779 1066 832 1114 me
849 1048 1024 1135 provisum
1041 1046 1193 1135 diligen-

130 1156 180 1219 tia
196 1158 256 1220 tua
272 1154 470 1240 corrigatur.
512 1152 567 1217 Ae
582 1152 612 1216 si
626 1155 661 1217 te
676 1156 751 1241 ipse
765 1154 1000 1222 vehementius
1017 1153 1062 1220 ad
1078 1171 1195 1221 omues

130 1265 247 1345 partes
268 1260 354 1327 bene
375 1257 533 1325 audiendi
553 1259 738 1350 excitaris3
767 1279 835 1327 non
855 1266 893 1327 ut
913 1281 987 1329 cum
1008 1261 1103 1350 aliis,
1132 1261 1196 1328 sed

131 1370 169 1431 ut
189 1370 298 1432 tecum
318 1367 384 1433 iam
399 1366 477 1453 ipse
493 1368 625 1451 certes3
647 1369 678 1431 si
696 1386 826 1434 omnem
841 1372 932 1434 tuam
947 1374 1110 1458 mentem,
1132 1388 1196 1436 cu-

129 1494 224 1560 ram,
257 1473 498 1562 cogitationem
529 1469 573 1535 ad
601 1471 825 1538 excellentem
850 1472 886 1537 in
915 1475 1067 1542 omnibus
1094 1475 1196 1543 rebus

128 1580 241 1648 laudis
268 1579 486 1667 cupiditatem
514 1575 686 1642 incitaris:
717 1574 797 1641 mihi
825 1576 943 1666 erede,
970 1597 1057 1644 nnus
1085 1598 1196 1646 annus

130 1686 267 1753 additus
293 1683 402 1750 labori
428 1688 486 1750 tuo
514 1682 691 1748 multorum
714 1699 875 1746 annornm
894 1680 1058 1747 laetitiam
1078 1683 1196 1772 nobis,

130 1791 277 1878 gloriam
299 1810 382 1859 vero
404 1792 505 1858 etiam
526 1789 674 1876 posteris
696 1787 823 1853 nostris
844 1789 973 1854 aderet.
1017 1787 1196 1876 Quaprop-
1238 1782 1277 1848 4.

131 1905 185 1965 ter
207 1898 270 1965 hoc
290 1903 325 1966 te
344 1899 485 1985 primum
502 1915 609 1985 rogo,
630 1913 673 1961 ne
689 1895 872 1960 contrahas
886 1911 927 1960 ac
945 1893 1101 1968 demittas
1116 1894 1193 1962 ani·

129 2026 217 2071 mum
238 2022 326 2070 neve
347 2007 384 2070 te
405 2002 516 2091 obrui,
545 2007 711 2087 tamquam
739 2000 858 2086 fluctu,
887 2001 938 2067 sic
961 2001 1195 2091 magnitudine

129 2111 262 2199 negotii
283 2110 398 2176 sinas:
427 2111 610 2195 contraque
632 2108 750 2195 erigas
772 2126 813 2174 ae
833 2108 978 2175 resistas
998 2110 1073 2176 sive
1091 2111 1195 2176 etiam

130 2297 263 2348 sociorum
280 2289 354 2346 dedit
371 2291 420 2346 Or.
437 2307 470 2345 ex
487 2288 547 2345 eod.
566 2288 642 2345 Med.
661 2301 688 2344 et
705 2289 747 2346 ed.
764 2293 837 2349 Vict.
855 2295 926 2348 cett.
941 2313 994 2350 coc.
1014 2296 1063 2350 sal.
1082 2328 1114 2339 ·-
1149 2299 1194 2349 ἰηι-

126 2362 192 2430 pud.
207 2360 327 2411 nonnuli.
342 2371 447 2424 negot,
465 2368 496 2413 ut
511 2357 623 2411 Paeonii
637 2367 665 2411 at
680 2359 807 2413 Tuscenii
819 2365 858 2430 (v.
869 2357 893 2427 §-
903 2365 964 2433 ·19)‚
987 2361 1036 2432 qui
1051 2362 1193 2416 Ciceronis

128 2427 293 2486 auctoritate
308 2423 383 2494 amad
400 2425 516 2478 fratrem
535 2425 670 2495 perticere
683 2424 844 2493 studebant,
860 2436 890 2480 ut
908 2444 1005 2480 eorum
1020 2428 1151 2483 avaritiae
1165 2429 1193 2484 in

127 2511 161 2548 re
177 2491 306 2546 lbenebri
321 2490 492 2565 indulgerem
515 2501 542 2544 at
557 2490 607 2542 hos
621 2504 636 2541 a
650 2490 753 2569 Quinto
768 2509 865 2547 severe
882 2494 1007 2547 coerceri
1021 2494 1193 2568 retinerique

128 2562 244 2614 Marcus
262 2559 355 2611 voluit.
375 2592 408 2613 -,
447 2569 568 2609 nostram
591 2557 608 2610 i.
630 2571 653 2608 e.
675 2572 763 2610 meam
781 2560 855 2626 glor.
877 2572 926 2615 tata
949 2562 1012 2614 cire.
1033 2578 1096 2630 aug.
1116 2580 1191 2630 etp„

129 2643 202 2698 quae
220 2623 351 2697 primaria
369 2625 453 2678 fuisse
469 2621 578 2676 videtur
596 2638 694 2689 causa,
720 2642 772 2678 eur
810 2625 955 2679 rovinciam
971 2626 1053 2680 fratri
1072 2627 1192 2680 alterum

128 2694 156 2747 in
176 2709 277 2745 annum
298 2691 446 2770 prorogari
468 2690 569 2754 vellet,
596 2698 627 2742 ut
650 2706 722 2760 quae
747 2708 840 2762 priore
862 2710 960 2761 param
979 2695 1094 2745 secunda
1108 2692 1192 2758 fama

128 2761 257 2841 (Sueton.
272 2760 316 2810 Au
337 2794 342 2807 .
359 2775 383 2809 c.
398 2759 432 2824 ὀ)
448 2753 697 2823 administraverat,
716 2769 862 2831 repararet
879 2769 963 2830 atquc
983 2761 1146 2831 corrigeret.
1158 2793 1190 2806 ..

129 2827 158 2877 td
173 2827 289 2879 comtum.
317 2773 428 2876 §laneat
446 2819 577 2889 conjecit:
593 2822 633 2871 icc
649 2828 779 2887 comma„
796 2824 902 2897 absque
918 2825 1086 2881 necessitate.

196 2912 219 2980 ᾗ.
238 2915 263 2967 3.
296 2915 382 2964 mamus
400 2929 456 2980 sap.
481 2929 498 2962 a
518 2929 558 2962 me
574 2929 652 2980 proc.
673 2911 750 2983 quod
770 2929 830 2965 mea
844 2910 1029 2984 imprudentia
1044 2913 1136 2986 effeci,
1159 2928 1190 2972 ut

128 2981 225 3053 priore
242 2996 314 3032 anno
330 2995 385 3031 non
404 2975 610 3040 succederetur.
629 3012 663 3023 -
705 2980 842 3047 diligentia
862 2992 910 3031 tua
929 3005 961 3029 =
981 2978 1103 3054 diligenti
1124 2999 1191 3055 pre·

128 3048 233 3101 vinciae
249 3044 493 3098 administratione.
508 3074 538 3086 -
572 3050 612 3097 Ac
630 3071 663 3095 =
679 3055 707 3099 et
722 3062 786 3098 sane
807 3044 936 3116 quidem,
954 3056 980 3099 et
1002 3047 1137 3117 profecto.
1156 3081 1189 3096 -

127 3115 188 3181 dene
199 3113 320 3164 audiendi
334 3137 366 3160 =
383 3110 472 3163 bonae
486 3111 582 3165 famae.
611 3112 788 3165 Contrarium
804 3121 845 3164 est
859 3111 926 3164 illud
942 3109 974 3165 ad
989 3118 1044 3167 Att.
1060 3133 1088 3181 r,
1105 3116 1146 3182 18,
1157 3117 1189 3170 5:

127 3183 182 3246 Qui
193 3180 386 3236 Palicano...os
402 3179 438 3229 ad
453 3179 537 3229 male
552 3179 747 3230 audiendum
781 3179 896 3230 taedeat.
907 3212 937 3220 —
967 3191 1052 3233 tecum
1070 3221 1090 3236 ..
1106 3193 1191 3233 certet

125 3246 260 3315 teipsum
278 3261 413 3315 superare
429 3242 548 3297 studeas.
566 3276 597 3285 -
632 3246 668 3295 cd
683 3197 856 3298 excellentem.
889 3246 998 3298 Ernest.
1017 3245 1138 3300 malebat
1154 3246 1191 3299 ad

127 3313 290 3371 excellentis,
307 3309 383 3380 qnod
396 3309 424 3362 in
439 3318 544 3363 textum
560 3311 668 3381 recepit
680 3311 790 3365 Schiita.
807 3319 834 3362 ct
871 3311 953 3365 robat
966 3311 1063 3365 Orelli.
1098 3312 1189 3366 Benti-

128 3377 202 3447 vogl.
219 3376 382 3426 excellentem
399 3375 580 3446 metonymice
594 3377 701 3447 accepit
717 3394 771 3447 pro
786 3327 951 3438 excellentis,
968 3387 999 3430 nt
1017 3375 1091 3448 apud
1109 3377 1189 3453 Virg.

109 3474 112 3480 «
127 3445 198 3495 Aen.
211 3440 244 3505 6,
260 3441 323 3494 268:
342 3442 537 3495 demodocum
550 3443 666 3495 solacob
678 3454 762 3496 nocte.
776 3476 808 3485 -
842 3444 975 3505 tacitura,
992 3453 1023 3497 ut
1038 3459 1130 3515 praee.
1146 3456 1187 3498 ta·-

125 3507 240 3566 ct'tardt,
255 3515 296 3557 est
310 3505 360 3558 lut.
376 3516 461 3560 exact.
477 3519 592 3580 propter
608 3527 665 3581 seq.
677 3509 728 3562 lut.
745 3508 845 3577 afferet

92 3619 95 3636 ·
192 3593 216 3663 ᾗ.
231 3599 254 3662 4.
288 3592 326 3645 Ne
341 3599 482 3648 contradas
497 3617 529 3652 ac
543 3600 666 3652 demittas
680 3603 805 3652 antinum.
836 3604 861 3654 A
876 3596 1047 3669 navigatione
1061 3597 1190 3666 detumta

125 3663 215 3736 imago
221 3679 230 3730 3
254 3670 316 3713 orta
338 3671 499 3728 tempestate
517 3665 576 3717 vela
592 3666 759 3719 contrahunt
779 3682 811 3719 ac
827 3663 980 3719 demittunt.
1015 3665 1058 3722 cf.
1073 3668 1130 3724 cic.
1148 3666 1185 3722 ad

126 3726 812 3798 Att.1‚16‚a:celacontrcc2·;deN.D.n‚4.
835 3729 1112 3802 delegg.a‚15.-·
1145 3737 1185 3787 dc·

126 3797 231 3846 mittere
246 3795 374 3856 carinam,
390 3789 435 3845 ide
479 3795 554 3864 quod
569 3813 653 3867 supra
668 3800 804 3878 expressit
813 3795 926 3865 frangi,
938 3798 1089 3864 debt'litari;
1110 3819 1135 3854 v.
1149 3799 1184 3854 de

127 3861 204 3913 Finn.
219 3861 249 3924 ὅ,
268 3859 307 3914 15.
324 3893 355 3902 -
389 3877 421 3910 ac
435 3811 498 3912 Qua.
518 3862 584 3915 Ern.
599 3880 661 3915 eum
676 3864 733 3916 alus
746 3876 795 3915 aut
809 3864 872 3916 dem.
879 3882 893 3928 ,·
907 3864 996 3919 minus
1009 3876 1100 3935 recte,
1117 3865 1184 3938 quia

129 3943 170 3979 vv.
185 3938 269 3980 contr.
288 3936 315 3980 ct
331 3929 394 3979 dem.
412 3942 468 3979 non
486 3925 552 3994 sibi,
570 3926 618 3982 sed
635 3927 679 3986 iis.
707 3944 779 3988 suaa
794 3940 964 4000 sequuntur,
987 3934 1078 4001 erigat
1096 3951 1127 3984 ac
1145 3951 1184 3987 re·

124 3994 205 4043 satas
219 4009 255 4064 op
278 4004 406 4048 emuntur·
425 4022 458 4036 -
491 4006 635 4065 contraque
648 3997 716 4063 erig.
733 4021 765 4044 =
782 3997 829 4047 sed
843 4008 940 4053 contre
957 4016 1026 4066 rogo
1042 4008 1069 4054 te
1083 3998 1182 4069 erigat·

124 4057 235 4127 -sora
269 4076 317 4113 cm.
330 4097 340 4121 ,
352 4070 381 4114 ut
405 4058 433 4114 in
448 4059 541 4129 bello,
556 4058 634 4132 quod
649 4063 739 4118 stetim
756 4060 837 4118 addit.
