2768 4866
452 304 734 390 mmmm
857 338 898 347 ff
1060 300 1128 370 m

61 487 146 554 nihil
166 504 210 554 ex
230 486 307 554 istis
328 486 413 554 locis
434 504 503 552 non
524 485 622 552 modo
643 484 838 574 literarum,
860 485 922 554 sed
944 504 988 553 ne
1009 505 1125 553 rumo-

62 595 112 661 ris
134 593 266 680 quidem
287 593 429 659 affluxit.
480 592 538 659 Me
567 598 678 659 sutem
704 594 768 659 iam
800 596 836 658 et
862 610 953 659 mare
982 593 1069 659 istuc
1091 601 1126 660 ot
1175 626 1180 635 ·

63 703 157 766 terra
183 699 367 767 sollicitat:
400 716 509 786 neque
537 698 675 782 desino,
705 704 741 765 ut
771 698 809 765 fit
836 700 871 765 in
900 717 1033 782 amore,
1066 719 1126 787 ea,

63 822 150 893 quae
171 804 303 871 minime
323 804 423 893 volo,
453 804 615 894 cogitare.
668 802 778 887 Quare
799 821 868 869 nun
889 803 1041 889 equidem
1061 806 1127 870 iam

62 916 99 980 te
127 930 232 1000 rogo,
262 914 301 977 ut
328 910 371 976 ad
399 928 452 977 me
480 911 522 978 de
542 915 596 998 te,
629 911 672 980 de
692 912 801 981 rebus
816 912 892 977 istis
913 911 1064 999 scribas,
1086 945 1126 959 -

61 1037 231 1106 nunquam
252 1019 357 1106 enim,
380 1037 478 1104 quum
498 1024 616 1105 putea,
637 1019 897 1105 praetermittis,
917 1053 958 1066 —
979 1016 1042 1084 sed
1063 1015 1127 1083 hoc

62 1129 98 1193 te
125 1126 215 1193 scire
243 1124 347 1213 volo,
379 1125 471 1208 nibil,
483 1124 556 1191 fere
576 1143 717 1212 unquam
738 1143 790 1192 me
810 1126 861 1191 sic
881 1127 1124 1211 exspectasse,

61 1235 120 1321 ut,
141 1251 240 1319 quum
254 1231 339 1299 baec
353 1231 561 1318 scribebam,
577 1234 655 1298 tuas
668 1232 796 1298 literas.
838 1207 939 1298 Nunc
953 1249 1126 1320 cognosce
1166 1221 1198 1287 2·

64 1360 128 1427 es,
149 1359 236 1427 quae
259 1343 338 1407 sunt
358 1340 393 1405 in
413 1337 613 1424 republica.
657 1337 870 1406 comitiorum
887 1339 1034 1425 quotidie
1051 1341 1126 1407 sin·
1152 1422 1155 1427 Ι

62 1448 137 1537 guli
158 1447 232 1515 dies
253 1448 412 1514 tolluntur
438 1444 764 1533 obnuntiationibus,
796 1464 923 1534 magna
950 1448 1126 1517 voluntate
1222 1453 1224 1457 ’

61 1555 219 1622 bonorum
247 1553 411 1621 omnium:
444 1554 540 1616 tanta
560 1550 688 1617 invidia
709 1554 789 1616 sunt
810 1552 968 1618 consules
988 1551 1146 1640 propter

59 1661 288 1747 suspicionem
307 1663 480 1746 pactorum
501 1675 523 1724 a
544 1656 733 1723 candidatis
754 1659 985 1745 praemiorum.
1029 1658 1124 1727 Oan-

61 1765 169 1834 didati
190 1764 384 1831 consulares
401 1767 577 1850 quattuor,
601 1781 717 1830 onnes
733 1762 802 1850 rei,
824 1780 948 1828 causae
963 1767 1041 1830 sunt
1056 1764 1124 1829 dii-

60 1872 187 1939 ticiles:
219 1870 282 1937 sed
308 1872 490 1956 enitemur,
524 1874 568 1935 ut'
587 1867 739 1934 Messala
759 1870 885 1952 noster
911 1866 1030 1934 salvus
1060 1868 1123 1956 sit,

63 1978 152 2067 quod
173 1982 228 2062 est
241 1978 431 2060 etiamtum
445 1976 644 2064 reliquorum
658 1973 769 2040 salute
784 1974 1006 2040 coniunctum.
1049 1972 1123 2040 Ga-

60 2086 184 2153 binium
213 2084 256 2151 de
284 2083 410 2151 ambitu
437 2103 530 2151 reum
555 2081 637 2148 fecit
665 2079 705 2144 P.
732 2077 852 2164 Sulla,
887 2079 1124 2148 subscribente

60 2192 220 2278 privigno
240 2190 416 2275 Memmio,
436 2189 544 2256 fratre
566 2186 733 2272 caecum,
755 2185 855 2255 Sulla
875 2185 954 2252 lilio.
997 2184 1123 2255 Contra

59 2466 119 2511 tum
135 2471 150 2508 a
165 2453 269 2509 nucleis
284 2470 396 2514 nucum.
413 2486 446 2500 -
488 2473 520 2507 es
536 2455 596 2508 abab
612 2454 694 2518 locas,
718 2470 751 2508 ex
769 2452 920 2510 Britannia.
951 2457 988 2511 V.
1007 2453 1042 2509 ad
1065 2458 1123 2511 an.

58 2523 210 2591 4‚1ii,ro.
235 2517 499 2594 addiv.1,9,ar;
521 2519 898 2593 supral.a.ep.16,l,.-
937 2524 1123 2575 marciscat

58 2599 151 2651 tarra,
175 2586 213 2641 ob
228 2595 282 2641 tem
304 2596 403 2643 estates
418 2585 566 2642 maritimas
583 2595 611 2640 et
629 2604 734 2660 pugnas
752 2596 909 2642 terrestres.
923 2619 957 2631 -
996 2587 1027 2637 aa
1046 2587 1123 2639 rebus

57 2656 133 2716 istim
149 2670 220 2725 quas
235 2652 263 2706 in
300 2653 417 2708 ritannia
432 2653 526 2726 agatis.
540 2685 572 2695 -
604 2658 643 2706 sic
656 2679 688 2702 =
701 2664 865 2726 tantopere,
878 2661 956 2707 tanto
970 2651 1082 2706 ardore.

125 2767 153 2828 s.
169 2776 194 2811 u.
229 2760 396 2810 comitiorum
410 2759 464 2812 dies
477 2783 509 2808 =
524 2757 580 2813 dies
594 2759 752 2813 comitiales.
763 2791 797 2803 -
830 2759 976 2821 tolluntur,
993 2756 1122 2812 dirimun-

57 2833 124 2889 tur,
149 2822 298 2877 comitiales
315 2839 373 2877 esse
391 2822 526 2879 desinunt.
550 2856 586 2866 —
630 2825 888 2886 obnuntiationibus,
911 2839 983 2894 quae
1004 2823 1122 2891 fiebant,

80 2906 146 2942 uum
160 2887 259 2959 aliquis
272 2889 446 2960 magistratus
462 2889 568 2944 curulis
584 2900 632 2944 aut
647 2889 879 2962 tribunusplebis
893 2889 1011 2954 diceret,
1028 2906 1058 2943 se
1072 2890 1121 2944 illo

58 2905 103 3009 ite
121 2952 154 3006 de
171 2954 250 3008 coelo
266 2963 449 3008 servaturum.
484 2957 520 3011 V.
533 2953 568 3008 ad
585 2962 641 3010 Att.
679 2995 687 3024 ‚
704 2959 748 3024 rb,
758 2975 793 3026 7²
818 2956 1060 3009 obnuntiationibus
1073 2974 1122 3026 per·

57 3020 211 3075 Scaeuolam
231 3020 393 3088 interpositis
400 3039 413 3084 ,·
441 3019 476 3075 ad
495 3027 552 3077 Att.
568 3023 600 3089 4,
614 3023 645 3089 3,
686 3046 692 3077 :
723 3024 882 3093 proscripsit
902 3024 1003 3076 Sestius
1027 3040 1054 3073 se
1071 3039 1121 3092 par

58 3103 146 3140 omnes
167 3086 222 3137 dies
244 3085 389 3139 comitiales
413 3087 443 3138 de
468 3089 539 3141 coelo
562 3101 740 3144 seruaturum.
782 3088 826 3144 cf.
846 3088 964 3143 Casaub.
988 3084 1028 3150 ad,
1042 3088 1120 3142 Suet.

59 3155 138 3208 Caes.
149 3168 190 3206 uo.
205 3183 240 3197 -
272 3152 400 3204 bonorum
415 3157 547 3216 omnium,
564 3154 612 3234 qui
630 3157 710 3227 pacta
725 3172 741 3208 a
757 3151 905 3209 candidatis
920 3152 1043 3226 praemia
1057 3171 1122 3206 con·
1200 3168 1202 3172 ⁴

57 3220 133 3273 eules
148 3217 280 3289 consequi
292 3216 434 3272 nolebant.
450 3251 483 3264 -
509 3222 681 3288 surptcionem
693 3232 853 3291 pactorum,
866 3236 951 3292 quam
965 3218 1121 3292 pactionem

58 3282 206 3340 Memmius
220 3293 318 3355 postea
334 3283 362 3337 in
376 3296 474 3340 senatu
491 3284 624 3340 recitavit.
658 3289 694 3342 V.
713 3285 926 3354 adAtt.i,13,
943 3302 968 3340 a.
991 3284 1056 3338 coll.
1077 3302 1121 3338 sa-

79 3351 269 3417 raa,15,i;
296 3353 328 3419 3,
346 3349 429 3412 1,16.
452 3385 484 3395 -
514 3353 714 3421 praemiorum,
737 3353 789 3403 uti
806 3353 895 3404 amic
910 3350 1070 3414 (Memmius
1093 3360 1121 3404 et

56 3368 208 3484 Bomitius)
223 3416 272 3468 HS
289 3417 504 3486 quadragena
522 3416 713 3471 consulibus
726 3417 863 3482 iuream
881 3416 1040 3470 vaetertl.
1052 3434 1120 3468 c.-

58 3500 146 3536 0rnnas
159 3485 214 3545 rei,
232 3481 266 3534 de
282 3481 385 3540 ambitu
398 3482 533 3552 accusati,
551 3503 576 3538 v.
592 3488 615 3554 §.
627 3485 652 3537 3.
668 3500 712 3555 ep.
732 3492 818 3538 anteo.
834 3514 866 3525 -
899 3482 1030 3563 difficiles,
1047 3499 1120 3553 quae

59 3566 117 3602 noa
131 3547 210 3601 facile
224 3545 333 3600 defendi
371 3550 461 3604 assint.
479 3583 510 3592 -
552 3551 685 3611 Messala,
702 3565 787 3620 quem
802 3566 864 3601 cum
880 3546 996 3619 reliquie
1011 3547 1121 3602 absolu·

55 3624 116 3669 tum
134 3629 194 3668 esse
216 3611 291 3666 vides
311 3612 338 3665 ia
352 3629 383 3666 ra
405 3632 449 3685 ep.
465 3615 498 3681 8,
511 3616 535 3671 3.
553 3647 587 3660 -
626 3618 788 3687 reliquorum
807 3612 1030 3683 candidatorum,
1051 3631 1120 3686 quo·

55 3698 121 3735 rum
140 3679 280 3733 absolutio
304 3677 466 3734 absolutioni
488 3682 624 3736 Messalae
646 3681 708 3735 ideo
732 3680 877 3735 coniuncta
898 3677 1014 3746 dicitur,
1042 3697 1099 3752 quo

56 3762 152 3801 omnes
168 3743 264 3799 eodem
279 3745 388 3799 nomine
409 3745 449 3799 rei
468 3759 564 3818 erant,
582 3758 610 3802 et
625 3748 659 3801 ab
675 3748 749 3801 exitu
764 3763 862 3802 causae
879 3745 962 3816 unius
979 3747 1060 3802 etiam
1075 3763 1119 3800 re·

54 3813 198 3884 liquorum
212 3810 336 3884 pendere
351 3809 479 3866 debebat.
494 3847 527 3857 -
560 3815 589 3870 P.
602 3815 687 3868 Sulla.
717 3813 758 3868 Cf.
774 3810 1036 3881 adan.t‚16,u.
1069 3812 1119 3867 list

54 3877 129 3932 idern
166 3893 250 3949 quem
267 3877 366 3932 Cicero
383 3877 507 3932 oratione
523 3895 595 3951 quae
612 3889 713 3946 exstat,
738 3876 772 3931 de
794 3878 820 3931 ri
834 3876 963 3933 defendit.
995 3881 1032 3935 V.
1048 3879 1118 3932 Era.

55 3943 113 3998 ind.
128 3917 190 3998 frist.
206 3975 240 3988 -
267 3946 549 4026 prosignaMemmioj
565 3963 591 4027 r.
605 3949 630 4066 ἓ.
645 3946 682 3999 15.
700 3962 744 4017 ep.
759 3964 781 3998 ι.
797 3944 824 4001 h.
835 3945 856 3999 l.
868 3977 902 4026 ¹.-
925 3943 1119 4026 frutrauteri-

53 4026 220 4144 strati?
241 4019 313 4131 tt?
324 4010 1117 4154 t‘tttit‘i⁶tittttp.t¹,¹”qttitttttttt‘ttltttp

54 4152 113 4213 tor,
123 4138 172 4198 sed
186 4137 258 4196 idem
271 4158 335 4196 cum
348 4142 476 4202 Caecilio.
485 4174 520 4192 -
544 4145 646 4198 Contra
659 4144 727 4200 dicit
740 4141 768 4200 in
783 4141 952 4202 divinationis
962 4141 1074 4210 iudicio,
1084 4149 1117 4194 ut
