2768 4866
336 694 604 774 milsuonn
628 695 707 772 XV
731 719 837 773 nxnn.

118 852 226 932 Scripta
245 854 348 913 Romae
368 868 464 913 mense
485 851 595 923 Quintili
615 852 648 913 Λ.
670 852 701 914 U.
724 852 753 913 C.
777 853 836 915 700
857 857 898 931 (a
920 851 981 919 cnr.
1000 855 1059 931 il)

403 1023 407 1029 Ι
444 949 542 1014 iisdem
564 951 728 1013 consulibus.

56 1097 267 1165 linamentum.
300 1089 373 1145 Nihil
389 1107 461 1161 opus
477 1105 537 1145 esse
555 1089 687 1147 rescribit
698 1089 794 1168 immi,
811 1101 845 1147 nt
857 1090 899 1146 eui
911 1092 1029 1163 periculi
1042 1109 1125 1149 cauea

49 1167 52 1172 ’
157 1172 238 1227 cirins
260 1187 343 1245 quam
366 1172 419 1245 ipsi
441 1189 513 1247 opus
530 1171 565 1231 rit
582 1187 598 1225 e
615 1171 757 1244 provincia
774 1173 890 1229 armam
906 1171 1004 1231 redeat
1029 1176 1126 1247 1-33
1201 1188 1209 1235 i

158 1254 289 1310 ambitum
304 1253 332 1307 in
348 1253 420 1308 urbe
439 1251 517 1308 valde
534 1254 726 1326 ingravescere
743 1252 875 1332 significat
893 1259 920 1323 q.

319 1425 514 1494 MARCUS
544 1424 586 1509 Q.
614 1426 791 1494 FRATRI
819 1427 859 1497 S.

141 1550 279 1620 Calamo
301 1554 337 1617 et
354 1553 542 1618 atramento
561 1554 769 1640 temperata,
792 1550 910 1618 charta
923 1553 1023 1622 etiam
1038 1552 1125 1622 lien-
1168 1558 1199 1622 1.

59 1663 132 1728 tata
151 1677 208 1753 res
231 1661 367 1746 agetur.
409 1654 540 1725 Scribis
561 1658 649 1723 enim
670 1662 706 1726 te
722 1676 816 1726 meas
832 1658 951 1727 literas
967 1663 1124 1752 superio-

57 1784 116 1832 res
139 1765 196 1832 vix
217 1764 337 1851 legere
356 1765 532 1850 patuisse:
552 1763 588 1828 in
608 1783 673 1850 quo
691 1765 774 1831 nibil
793 1786 925 1851 eorum,
946 1767 1126 1858 minster,

57 1874 142 1963 luit,
165 1890 251 1958 qnae
270 1874 381 1958 putas.
433 1870 555 1958 Neque
583 1871 671 1938 enim
700 1877 883 1960 occupatus
904 1892 996 1941 cram
1016 1892 1127 1962 neque

56 1979 273 2068 perturbatus
295 1997 359 2045 nec
379 1978 486 2044 iratns
508 1977 626 2042 alicui:
649 1976 711 2044 sed
733 1968 795 2046 bac
817 1980 905 2047 facio
932 1998 1068 2068 semper
1089 1986 1126 2047 ut

58 2085 243 2171 quicunque
264 2082 412 2150 calamus
433 2082 468 2148 in
489 2086 607 2148 manus
628 2100 723 2148 meas
739 2084 892 2174 venerit,
914 2102 956 2151 ec
971 2085 1023 2162 sie
1036 2090 1125 2174 utar,

60 2194 227 2275 tamquam
253 2189 349 2256 bono.
398 2189 526 2255 Verum
554 2189 693 2256 attende
722 2209 833 2281 nune,
862 2190 907 2258 mi
936 2191 1059 2278 optime
1090 2195 1126 2260 et
1158 2192 1199 2268 ’9.

60 2294 262 2360 suavissime
282 2293 408 2376 irater,
430 2292 474 2360 ad
494 2310 537 2362 ea
557 2293 635 2383 dum
649 2295 820 2387 rescribo,
841 2314 928 2384 quae
948 2302 986 2364 tn
1006 2297 1127 2386 iubae

59 2398 178 2467 eadem
198 2399 294 2467 brevi
315 2399 459 2486 epistola
480 2399 838 2486 sparnariussuslde
851 2400 1030 2487 scripsisti.
1072 2400 1127 2470 De

57 2522 124 2591 que
145 2505 253 2592 petis,
275 2509 312 2574 ut
334 2503 378 2571 ai
399 2509 453 2592 te,
474 2506 557 2575 nibil
579 2507 771 2598 occultans,
792 2504 875 2575 nimi
896 2504 1126 2596 dissimulans,

125 2735 151 2797 s.
172 2746 194 2782 r.
227 2728 323 2783 Norae
340 2729 472 2802 epistolae
489 2728 595 2784 initiam
614 2729 656 2783 bic
677 2745 737 2785 esse
752 2729 806 2783 iam
824 2728 965 2784 Manutius
981 2726 1064 2796 vidit,
1081 2728 1126 2782 de·

58 2809 115 2866 que
133 2794 191 2847 eius
207 2794 340 2849 sententie
360 2811 376 2846 a
391 2795 539 2866 superiore
557 2794 685 2850 disiunxit
701 2795 814 2850 Sebitz.
830 2826 864 2838 -
897 2806 1054 2866 temperato,
1070 2810 1126 2848 non

56 2859 136 2914 nimis
153 2859 243 2913 tenaci
255 2869 283 2913 et
294 2859 367 2912 belle
381 2861 544 2932 composito,
560 2858 780 2915 adscribendum
793 2859 942 2933 aptissimo.
958 2860 1000 2915 Gi.
1012 2861 1085 2916 Vitr.
1099 2878 1126 2930 7,

59 2944 96 2980 no.
113 2926 184 2979 Plin.
202 2925 249 2991 36,
265 2926 291 2981 ὅ.
303 2952 336 2968 -
370 2927 491 2989 dentata,
507 2925 609 2997 polita,
624 2926 758 2999 laevigata
773 2923 856 2985 dente
873 2928 1022 2982 conabere.
1056 2925 1126 2980 Plin.

57 2994 94 3047 H.
108 2993 145 3051 N.
168 2993 214 3058 13,
234 3007 264 3045 nn
280 3000 347 3045 teet.
362 2991 410 3045 ab:
434 2993 566 3047 Scabrt‘ta‘a
589 2993 699 3047 chartae
718 2994 871 3063 laevigatur
892 2995 966 3046 dente
988 2993 1126 3048 conchato.

58 3059 147 3112 Hacea
159 3068 255 3111 nostra
279 3056 367 3112 verba
389 3073 482 3119 sensu,
494 3058 614 3130 proprio
638 3076 701 3113 cum
721 3056 848 3115 Manutio
868 3056 1026 3132 accipienda
1047 3067 1127 3123 sunt,

59 3121 137 3197 quod
155 3134 183 3176 et
200 3122 247 3178 illa
264 3120 298 3177 de
318 3133 473 3181 atramento
490 3134 662 3242 temperato,
687 3122 721 3178 de
738 3125 835 3181 charte
850 3126 936 3198 polita¹
954 3122 1083 3191 suadent,
1101 3133 1130 3176 et

59 3205 132 3263 quae
150 3199 325 3263 sequuntur:
351 3192 496 3263 quacunque
512 3208 543 3244 ca
555 3208 631 3244 amur
647 3194 675 3243 in
689 3209 783 3244 maanus
801 3210 872 3246 mear
887 3194 988 3244 venerat
1003 3200 1057 3243 eet.
1100 3205 1129 3240 e·

58 3257 172 3312 stulant.
213 3256 406 3326 Metapboriee
427 3256 630 3328 interpretatur
649 3252 781 3311 Erasmus
794 3257 881 3331 adag.
899 3255 970 3311 cuii.
987 3255 1020 3324 ὃ,
1034 3256 1067 3323 ⁶,
1120 3293 1129 3321 ‚

59 3323 188 3381 nimirum
207 3318 241 3375 de
256 3322 391 3377 Cicerone
408 3321 509 3377 acerbe
524 3332 552 3377 et
566 3321 698 3376 iracunde
713 3321 869 3390 scribente,
886 3332 916 3377 et
928 3321 1129 3393 temperantius

59 3407 92 3443 ae
106 3385 293 3441 moderantius
312 3388 339 3441 in
358 3399 502 3460 posterum
518 3388 670 3460 scripturo.
684 3419 716 3431 ·-
750 3405 793 3440 res
810 3401 908 3459 agetur
927 3414 961 3438 =
979 3387 1129 3442 scribetur.

57 3455 137 3575 {unii
150 3451 956 3594 tilellllitil”iiltiitt'tthlltltlpt„ill
970 3446 1131 3522 ⁶⁰'“'”f“⁵⁶

475 3560 485 3589 r
657 3560 668 3584 t
918 3559 925 3576 ·

125 3618 153 3679 s.
172 3624 196 3663 n.
229 3615 431 3682 πραγματικῶς,
456 3629 534 3665 more
548 3610 665 3666 bominis
687 3626 784 3665 rerum
798 3608 968 3684 agendarum
987 3609 1078 3682 periti.
1094 3639 1128 3653 -

58 3679 100 3730 De
116 3693 167 3749 qao
181 3678 251 3745 petis
267 3684 318 3729 cet.
353 3676 440 3729 Orell.
454 3676 487 3730 ad
501 3679 528 3733 b.
541 3679 576 3738 l:
593 3675 836 3734 »Sicecribendus
847 3675 1010 3746 videbatur,
1023 3676 1129 3748 inquit,

59 3744 139 3796 locus
157 3750 310 3820 corruqtus
326 3751 354 3796 et
374 3758 389 3794 a
407 3741 528 3797 librariis
548 3754 580 3805 ¹et
599 3761 614 3799 a
632 3744 742 3799 criticis.
780 3743 845 3798 Scil.
869 3743 993 3797 fraterne
1014 3744 1130 3798 Marcus

60 3808 193 3888 signiticat
207 3809 326 3884 Quinte,
342 3807 426 3860 satius
443 3810 555 3863 omnino
569 3825 651 3879 esse,
668 3821 700 3865 ut
712 3809 800 3863 donec
818 3808 944 3930 erchita
963 3808 998 3863 sit
1012 3808 1070 3864 eius
1084 3824 1131 3863 res

58 3874 216 3942 familiaris,
233 3891 249 3926 a
270 3872 307 3926 ud
317 3874 463 3928 Caesarem
474 3884 622 3929 remaneat
657 3877 715 3930 Iam
730 3885 841 3930 nostrae

61 3943 130 3994 baec
143 3950 204 3994 cet:
221 3891 326 4019 »διιοᾶ
343 3937 378 3993 ad
392 3939 419 3993 id
435 3939 547 4008 attinet,
563 3940 640 4017 quoni
654 3941 738 4014 petis,
754 3951 786 3996 ut
800 3941 836 3994 ad
851 3952 879 3997 te
893 3941 1015 3996 fraterne
1030 3942 1130 3995 rescri-

59 4005 143 4072 bam,
159 4002 186 4058 ti
206 4015 249 4060 est
265 4012 311 4076 (=
324 4005 352 4059 id
368 4015 554 4078 suspectat),
573 4017 604 4062 ut
617 4007 651 4061 ad
668 4006 868 4079 expediendum
883 4018 926 4076 te,
944 4006 967 4062 si
982 4023 1065 4062 causa
1080 4005 1130 4074 sit,

82 4073 155 4127 otius
170 4071 231 4125 istic
248 4087 438 4142 commerere3
455 4084 548 4128 utrum
558 4073 630 4127 votes
645 4073 757 4128 drbmim
773 4073 790 4127 i.
809 4091 832 4129 e.
849 4075 906 4130 sive
919 4073 1043 4147 apertius
1055 4088 1129 4126 nunc

59 4089 168 4208 brem,
182 4146 210 4192 te
223 4137 387 4194 commorari
401 4137 520 4210 debere,
533 4139 589 4196 sive
605 4150 731 4199 contra«
764 4140 822 4198 itui
834 4140 919 4217 igitur
932 4155 1032 4214 magne
1042 4150 1131 4210 opere

870 3875 981 3930 actionis
995 3873 1131 3930 sententia
