2768 4866
453 277 515 337 tta.
536 277 567 337 11.
608 277 659 338 ΕΡ.
681 277 725 338 IV.
1066 274 1117 345 69

55 461 150 522 tores
164 455 302 521 Lamiae
320 454 563 520 conduxerunt.
606 455 638 519 A
659 458 695 519 te
714 459 793 540 post
812 455 902 522 illam
923 454 1118 523 Olbiensem

59 560 235 647 epistolam
264 560 374 625 nullas
402 561 522 627 literas
551 562 676 645 accepi.
730 559 817 643 Quid
844 547 933 649 agas
960 567 997 628 et
1021 566 1059 628 ut
1084 566 1119 629 te

59 667 230 752 oblectes,
252 668 341 732 scire
363 670 458 752 cupio
480 670 689 752 maximeque
710 672 745 734 te
765 668 873 754 ipsum
893 666 1010 734 videre
1024 685 1121 755 quam

57 776 209 862 primum.
251 770 360 847 Cura,
382 774 426 837 mi
444 772 567 861 irater,
589 779 626 839 ut
642 773 778 840 valeas:
800 779 836 840 et
855 794 1049 861 quamquam
1068 780 1122 842 est

58 880 187 966 hiems,
200 882 313 943 tamen
328 874 522 943 Sardiniam
542 878 644 945 istam
665 897 746 948 esse
769 881 915 968 cogites.
955 880 1036 948 XV.
1047 879 1121 949 Ka·

56 984 149 1052 lend.
170 982 271 1050 Mart.

415 1263 680 1342 uersuum
705 1266 773 1342 IV.

135 1407 242 1482 Scripta
263 1406 365 1465 Romae
386 1421 482 1465 mense
502 1405 600 1464 Martio
621 1405 654 1464 Α.
674 1405 706 1464 U.
729 1406 758 1467 C.
781 1405 840 1466 698
861 1412 901 1482 (a.
923 1405 970 1468 Cir.
991 1407 1049 1482 56)

451 1486 547 1545 iisdem
570 1487 733 1547 consulibus.

62 1627 287 1691 Arpumentuca·
306 1619 434 1670 Fratrem
452 1614 592 1672 de'Sestio
612 1617 759 1683 absoluto,
775 1617 810 1670 dc
827 1618 874 1673 iilii
887 1615 993 1685 studiis,
1009 1617 1043 1673 dc
1059 1636 1124 1674 suae

131 1710 158 1753 et
180 1699 321 1752 fraternae
339 1695 437 1751 domus
453 1696 655 1768 aedificatione,
681 1698 715 1753 de
731 1698 821 1753 Tullia
836 1698 993 1772 Crassipedi
1010 1698 1125 1772 despon-

129 1778 218 1834 denda
235 1780 382 1833 certiorem
397 1778 461 1832 facit
476 1780 490 1830 ἰ
501 1795 562 1832 -ι,

336 1912 528 1995 manuus
552 1924 592 2010 Q.
615 1927 790 1994 aarum
810 1908 876 1996 ss

145 2038 283 2107 Sestius
304 2041 421 2104 noster
442 2037 618 2104 absolutus
639 2043 694 2105 est
715 2057 746 2105 a.
768 2037 799 2104 d.
818 2039 860 2105 V.
882 2038 933 2105 ld.
949 2039 1050 2106 Mart.
1073 2042 1125 2124 et,
1189 2084 1199 2103 .

62 2146 150 2234 quod
171 2146 389 2212 vehementer
407 2143 560 2210 interfuit
585 2146 637 2212 rei
663 2145 834 2236 publicae,
862 2145 988 2213 nullam
1015 2145 1125 2211 videri

63 2254 99 2317 in
119 2252 277 2320 eiusmodi
297 2272 399 2320 eausa
421 2253 666 2320 dissensionem
686 2273 784 2343 esse,
808 2254 958 2320 omnibus
979 2256 1123 2319 senten·

64 2360 122 2423 tiis
138 2358 314 2426 absolutus
335 2365 401 2427 est.
450 2359 559 2445 Illud,
588 2361 674 2447 quod
699 2361 761 2426 tibi
787 2378 890 2426 surae
919 2379 1022 2448 saepe
1044 2379 1124 2428 esse

62 2465 317 2556 intellexeram,
349 2486 393 2533 ne
422 2469 474 2532 eui
494 2468 605 2554 iniquo
627 2468 890 2555 relinqueremus
910 2466 1123 2554 vituperandi

62 2573 189 2660 locum,
219 2574 273 2660 qui
293 2594 357 2639 nos
378 2578 534 2661 ingratos
555 2592 635 2641 esse
655 2575 801 2661 diceret,
833 2575 899 2640 nisi
925 2573 1015 2641 illius
1043 2595 1125 2662 per-

62 2682 261 2747 versitatem
282 2680 478 2768 quibusdum
499 2683 534 2747 in
554 2683 774 2779 rebus‘quam
794 2681 1031 2748 humanissime
1051 2681 1125 2746 fer·

63 2805 196 2851 remus:
218 2787 302 2851 scito
325 2786 387 2851 hoo
408 2806 472 2852 nos
492 2789 527 2852 in
549 2805 589 2853 eo
611 2788 732 2853 iudicio
749 2792 950 2854 consecutos
968 2806 1066 2872 esse,
1088 2793 1126 2854 ut

63 2894 205 2960 omnium
226 2893 414 2980 gratissimi
435 2891 666 2961 iudicaremur.
717 2893 805 2959 Nam
832 2894 867 2959 in
894 2892 1124 2982 defendendo,

62 3095 132 3152 erat,
143 3100 226 3157 quam
237 3085 354 3163 Quintus
365 3085 481 3139 fortasse
497 3086 523 3139 in
538 3081 667 3139 divisione
682 3082 819 3137 bonorum
836 3081 954 3137 afratre
970 3098 1035 3135 acce
1057 3089 1125 3137 crat.

63 3181 96 3194 -
111 3152 213 3213 rnoadr,
227 3161 364 3205 amatores
378 3151 533 3224 elegantiae.
546 3185 580 3196 -
610 3151 763 3212 Olbiensem,
780 3147 876 3211 olbia,
894 3147 1027 3202 urchar
1047 3146 1126 3212 inias,

63 3215 173 3280 (laodicz
192 3219 280 3270 Terra
295 3222 417 3283 nuova),
435 3217 482 3269 nbi
497 3218 616 3289 Quintus
631 3216 736 3290 legatus
753 3213 875 3284 Pompeii
887 3213 914 3266 in
929 3213 1125 3284 procuratione

63 3284 243 3337 frumentaria
262 3294 340 3350 erat,
359 3281 457 3336 datam.
475 3315 507 3326 -
546 3285 642 3344 la'emo,
664 3297 722 3352 quo
737 3282 799 3334 anni
815 3290 940 3360 tempore
955 3279 1060 3333 morbis
1078 3275 1124 3330 mi-

62 3363 117 3402 nus
132 3347 242 3402 obnoxii
256 3367 357 3404 sumus.
374 3378 407 3390 -
439 3349 601 3411 Sardiniam,
615 3348 691 3420 gravi
705 3346 784 3399 coelo
802 3344 979 3426 provinciam.
998 3379 1031 3390 -
1063 3343 1125 3398 XV.

64 3413 125 3465 Kal.
145 3415 224 3464 Mart.
259 3416 366 3469 Ernest.
384 3415 418 3466 ad
434 3414 460 3468 h.
474 3416 492 3468 l.
507 3413 627 3469 notarit:
640 3421 659 3464 's
667 3415 739 3466 Ante
755 3421 919 3532 scripserat,
936 3427 965 3463 se
980 3411 1051 3464 hanc
1069 3407 1125 3480 epi·

65 3477 164 3559 stolam
181 3480 322 3558 scripsisse
341 3478 411 3551 prid.
430 3478 471 3536 Id.
487 3480 572 3560 Febr.
591 3479 651 3548 (hui
670 3476 698 3598 ἓ.
717 3476 785 3547 init.)
833 3487 916 3547 taque
933 3475 976 3529 hic
992 3493 1124 3530 numerus

66 3554 178 3598 vitiosus
197 3547 305 3598 videtur
324 3545 495 3599 Pontederae
511 3564 539 3599 ιιι
558 3546 609 3616 Ep.
624 3564 651 3615 p.
687 3544 749 3611 ld«
792 3548 828 3598 At
850 3543 969 3595 fortasse
990 3543 1050 3597 XV.
1063 3542 1124 3596 Kal.

66 3616 149 3668 Mart.
168 3619 209 3664 est
224 3609 300 3679 dies,
315 3628 372 3681 quo
386 3622 484 3681 postea
500 3611 645 3666 tabellario
662 3611 762 3665 tradita
780 3620 822 3663 est
836 3608 961 3679 epistola.

131 3712 149 3774 s
179 3723 202 3757 ι.
236 3721 261 3756 a.
278 3704 302 3761 d.
320 3703 398 3757 Vdd.
413 3703 495 3757 Mart.
531 3704 624 3775 Vulgo
638 3702 754 3762 lenitur:
771 3720 796 3755 a.
812 3702 837 3754 d.
849 3703 882 3753 11.
896 3701 934 3754 ld.
943 3701 1026 3754 Mart.
1044 3702 1126 3754 »Hoc

64 3786 130 3849 sans
144 3768 270 3824 vitiosum
280 3766 390 3839 a‚'dicit
405 3768 506 3847 9l⁰¹¹·⁸
525 3779 659 3822 »notante
675 3770 727 3822 iam
741 3767 1013 3820 vanVaussenchtt'
1028 3785 1053 3836 p.
1068 3765 1126 3820 aas.

64 3833 336 3955 {attitulat
345 3834 556 3965 aalaidis
571 3832 1126 3966 t‘tottltliiiltt‘rastil‘

64 3967 214 4022 Hortensio
230 3978 257 4022 et
275 3965 426 4032 Cicerone,
444 3965 520 4018 cuius
535 3974 623 4044 exstat
639 3963 737 4044 oratio.
771 3967 806 4020 V.
813 3981 865 4045 ep.
878 3965 1000 4044 anteced.
1013 3961 1036 4031 S.
1052 3965 1123 4034 ὄις.

63 4067 97 4078 -
121 4053 145 4106 q.
165 4051 213 4109 aps
235 4035 359 4102 ingratos
381 4045 448 4102 erga
470 4031 606 4112 Sestium,
650 4048 678 4083 ιιι
695 4031 834 4086 Ciceronis
851 4032 1053 4088 restitutionum
1070 4043 1125 4080 ma-

63 4098 135 4154 xime
152 4096 302 4155 adiuvaret.
318 4131 353 4147 -
383 4109 596 4168 perscrutatam,
612 4047 649 4153 cg
663 4114 708 4171 ep.
722 4094 846 4152 anteced.
860 4103 885 4168 S.
898 4097 924 4152 ὅ.
