2768 4866
267 305 315 374 20
415 312 450 370 h.
472 311 503 370 Τ.
526 307 708 370 CICERONIS
729 305 878 367 aristot.
901 306 949 366 hl)
972 306 1002 378 Q.
1025 306 1196 367 FRATREM

269 498 449 581 praeterea
476 509 540 557 nos
569 489 626 555 isti
655 486 822 553 hominum
849 486 971 573 generi
1001 487 1184 571 praecipue
1218 484 1345 553 debere

269 599 441 688 videmur,
472 603 527 686 ut,
559 614 696 683 quorum
718 591 914 680 praeceptis
935 609 1050 655 sumus
1078 588 1223 679 eruditi,
1258 591 1347 678 apud

267 727 328 775 cos
349 708 462 794 ipsos,
485 702 572 792 quod
588 703 630 769 ab
649 702 691 767 iis
710 699 942 786 didicerimus,
965 697 1108 761 velimus
1125 715 1344 787 expromere.

123 813 170 881 X.
189 805 279 883 29st
351 817 462 903 Atque
491 816 551 881 ille
580 812 713 899 quidem
745 810 904 896 princeps
934 806 1065 893 ingenii
1098 811 1132 872 et
1165 806 1346 872 doctrinae

268 921 384 1009 Plato,
417 925 486 986 tum
517 919 662 1003 denique
690 915 764 983 fore
793 916 912 981 beatas
932 933 990 980 res
1011 913 1165 1000 publicas
1188 915 1344 1000 putavit,
1382 962 1384 999 ,

269 1032 300 1096 si
320 1036 378 1096 aut
400 1028 493 1094 docti
513 1043 553 1092 ac
581 1025 751 1111 sapientes
779 1022 931 1088 homines
960 1039 1020 1086 eas
1047 1037 1174 1106 regere
1205 1021 1344 1107 coepis-

268 1139 366 1222 sent,
388 1135 445 1196 aut
465 1133 506 1218 ii,
529 1131 582 1217 qui
602 1135 787 1216 regerent,
810 1146 906 1193 omne
928 1128 1022 1192 sirum
1040 1125 1188 1192 studium
1206 1128 1246 1192 in
1263 1129 1344 1195 doc·
1382 1157 1384 1170 Α

268 1241 359 1307 trina
387 1257 428 1304 ac
449 1237 618 1324 sapientia
648 1237 886 1302 collocassent.
942 1232 1041 1299 Hanc
1070 1234 1344 1300 coniunctionem

271 1344 432 1414 videlicet
452 1344 636 1431 potestatis
656 1361 697 1408 ac
718 1341 906 1428 sapientiae
927 1340 1028 1406 saluti
1057 1341 1191 1405 censuit
1218 1343 1343 1406 civita·

246 1529 248 1533 ¹
270 1452 361 1519 tibus
383 1470 462 1521 esse
482 1470 597 1539 posse.
650 1449 747 1535 Quod
774 1452 924 1546 fortasse
944 1446 1131 1534 'aliquando
1155 1447 1344 1514 universae

270 1559 322 1626 rei
346 1557 500 1644 publicae
527 1562 688 1645 nostrae,
719 1577 809 1625 nunc
836 1558 968 1644 quidem
995 1554 1149 1642 profecto
1175 1553 1239 1618 isti
1263 1572 1343 1640 pro·

269 1665 402 1731 vinciae
422 1665 584 1750 contigit,
608 1667 644 1728 ut
664 1665 695 1728 is
716 1664 751 1729 in
772 1682 815 1730 ea
834 1682 992 1729 summam
1008 1663 1218 1749 potestatem
1238 1661 1344 1726 habe-

270 1777 344 1857 ret,
378 1773 430 1837 cui
456 1772 490 1837 in
520 1771 694 1860 doctrina,
725 1771 777 1836 cui
803 1771 838 1834 in
859 1772 985 1836 virtute
1006 1773 1107 1854 atque
1129 1766 1343 1834 humanitate

269 1874 486 1964 percipienda
506 1875 682 1961 plurimum
703 1893 725 1940 a
745 1875 890 1961 pueritia
911 1875 1013 1941 studii
1033 1875 1156 1939 luisset
1188 1876 1226 1938 et
1256 1878 1343 1939 tem·
1382 1871 1384 1954 l

218 2033 227 2051 .
269 1982 375 2070 poris.
418 1978 533 2062 Quare
550 1984 704 2065 cura,ut
720 1980 775 2046 hic
793 2000 920 2069 annuS,
943 1982 998 2067 qui
1016 1979 1060 2047 ad
1076 1979 1229 2047 laborem
1250 1974 1342 2045 trium
1383 2023 1384 2028 κ

271 2075 437 2174 accessit,
466 2083 555 2150 idem
584 2084 627 2151 ad
654 2085 797 2151 salutem
818 2087 925 2152 Asiae
951 2089 1157 2175 prorogatus
1181 2103 1263 2151 esse
1286 2085 1342 2150 vi-

274 2193 414 2259 deatur:
433 2189 696 2283 quoniam[qtte]
713 2194 746 2257 in
766 2197 800 2259 te
819 2194 995 2261 retinendo
1010 2191 1074 2256 luit
1088 2193 1177 2259 Asia
1194 2192 1337 2278 felicior,

273 2377 385 2431 tradita,
399 2406 432 2418 -
462 2387 603 2445 praeterea
627 2395 675 2430 noa
698 2380 752 2432 isti.
788 2379 920 2447 Sabina,
945 2380 1139 2432 auctoritatem
1156 2389 1272 2432 secutus
1288 2380 1340 2432 Er·

273 2442 370 2510 bestii,
398 2441 446 2515 qui
470 2461 492 2497 v.
508 2454 648 2510 praetereo
666 2444 709 2497 hic
726 2443 825 2517 frigide
845 2444 1002 2499 redundare
1022 2445 1144 2510 monuit,
1169 2443 1266 2499 dedit:
1294 2451 1339 2497 hoc

273 2526 321 2561 nos
335 2512 390 2567 riti.
421 2513 460 2562 At
477 2512 549 2562 enirn
563 2528 592 2563 v.
602 2523 744 2578 praeterea
760 2529 816 2563 non
833 2513 890 2565 sine
908 2512 943 2564 ali
967 2530 1000 2564 ua
1016 2513 1042 2564 vi
1061 2511 1152 2564 addita
1167 2511 1293 2565 videtur.
1310 2544 1340 2553 —

273 2593 364 2627 eamus
381 2577 489 2628 erodttr'.
524 2576 632 2628 Ernest.
650 2576 756 2647 recepit
778 2578 924 2632 lectionem
940 2529 1057 2632 diiorum
1075 2578 1235 2634 librorum:
1260 2582 1340 2630 simus
1383 2572 1384 2617 ἶ

273 2643 367 2704 erud,
384 2640 589 2695 coniunctivum
605 2641 717 2695 modurn
733 2643 855 2713 pendere
869 2656 946 2699 ratus
964 2662 979 2697 a
994 2647 1101 2695 velz'rnur
1108 2663 1120 2706 ,·
1138 2643 1219 2714 quod
1235 2645 1340 2698 nonita

274 2725 334 2762 ease
348 2719 448 2779 sponte
466 2719 597 2778 apparet,
615 2719 643 2762 et
656 2709 766 2766 Schiitu.
783 2711 909 2765 ostendit.
923 2744 956 2754 -
990 2727 1141 2779 expromere
1157 2735 1191 2758 =
1204 2710 1234 2764 in
1251 2712 1339 2765 lucem

274 2774 419 2845 proferre,
438 2772 584 2840 adbibere,
602 2791 741 2831 exercerc.

339 2867 372 2918 X.
389 2873 413 2932 §.
433 2884 472 2938 29.
508 2867 593 2920 Plato.
613 2868 687 2921 Sunt
702 2886 735 2918 vv
759 2884 821 2939 sqq.
832 2865 954 2921 Socratis
968 2865 1042 2937 apud
1052 2866 1160 2923 Platon.
1176 2865 1213 2944 de
1231 2866 1341 2940 republ.

275 2931 296 2986 1.
311 2931 334 2984 5.
353 2948 381 3002 p.
397 2933 446 3000 473
469 2935 501 2987 C.
533 2934 577 2987 tcto
599 2937 633 3002 μὴ
656 2931 671 3000 ἦ
694 2933 717 2985 οἱ
735 2937 872 3000 φιλόσοφοι
891 2935 1078 2994 βασιλεύσωσιν
1098 2933 1122 2984 ἐν
1141 2955 1201 2997 ταις
1227 2935 1341 2999 πόλισιν,
1383 2971 1384 2976 ,

275 2996 290 3062 ip*
315 2996 336 3048 oi
360 2998 477 3061 βασιλεῖς
500 3021 527 3053 τε
550 3005 594 3053 νῦν
612 2998 743 3070 λεγόμενοι
765 3000 808 3052 uui
825 3001 946 3052 δυνάσται
964 2999 1159 3067 φιλοσοφήσωσι
1176 3011 1294 3069 *γνησίως
1316 3020 1341 3052 rt

275 3064 318 3115 nai
334 3061 424 3124 ἱκανῶς
512 3067 561 3118 etin
577 3066 631 3117 ἔστι
647 3071 735 3122 κακῶν
753 3071 841 3119 παῦλα
857 3066 911 3127 ταῖς
928 3067 1043 3120 πόλεσιν.
1076 3066 1163 3122 Rutil.
1178 3069 1258 3139 Lup.
1280 3069 1341 3136 t,6.

275 3130 399 3209 Platpnis
416 3129 518 3183 dictum
535 3132 571 3184 ita
587 3131 749 3247 erpilicavit:
774 3133 826 3185 »si
844 3143 892 3185 aut
908 3133 956 3252 plui
974 3133 1099 3253 salpiunt,
1116 3132 1280 3204 imperare,
1298 3143 1341 3186 aut

275 3207 479 3332 illidii?
487 3197 1341 3344 affli‘iprlttlli‘hildibrath.lllrl'ollel‘lassfz
1383 3302 1384 3319 r

236 3374 243 3385 Ι
275 3332 336 3383 »At
354 3330 425 3382 enim
440 3328 640 3401 rempublicam
658 3346 693 3384 ne
712 3341 740 3385 at
756 3346 837 3402 posse
855 3332 1020 3400 consistere,
1043 3331 1094 3384 nisi
1112 3330 1149 3397 ia,
1167 3332 1220 3402 qui
1234 3332 1342 3400 impert·
1383 3330 1384 3335 ’

178 3420 182 3431 =
276 3405 334 3462 tet,
359 3397 459 3451 habeat
477 3397 625 3468 sapientiae
642 3345 782 3462 studium,
810 3408 857 3451 aut
877 3397 899 3450 is
922 3396 955 3449 ad
972 3394 1165 3470 imperandum
1186 3395 1342 3472 deligatur,

277 3477 361 3533 quern
375 3479 434 3516 aare
448 3463 521 3515 inter
535 3479 629 3516 omncs
642 3462 868 3535 sapientissimum
883 3474 1015 3521 constet«
1034 3465 1110 3517 Lact.
1119 3462 1253 3519 dinlnst.
1262 3466 1287 3530 3,
1297 3482 1342 3517 ar:

276 3526 426 3581 >nitidem
444 3527 525 3596 dixit,
553 3528 649 3581 beatas
671 3530 792 3583 civitates
813 3529 923 3585 futuras
941 3531 1042 3593 fuisse,
1068 3530 1090 3582 si
1111 3537 1160 3580 aut
1180 3529 1343 3600 philosophi

277 3605 440 3712 repnarenm
462 3605 559 3648 autre
579 3609 608 3646 cs
623 3595 917 3667 philosopharentur«
933 3627 966 3638 -
999 3597 1181 3653 collocassent.
1211 3598 1342 3650 Emesa:

278 3661 457 3723 colorarent,
481 3660 546 3733 quia
560 3678 574 3712 a
587 3660 664 3731 ioqui
681 3661 748 3714 haec
765 3662 898 3714 sententia
913 3680 968 3716 uon
986 3661 1112 3715 differret
1128 3676 1143 3712 a
1160 3661 1258 3716 verbis
1275 3662 1347 3716 docti

278 3743 311 3778 oc
323 3727 452 3793 captantes
466 3729 597 3789 homines,
613 3743 700 3798 quum
715 3738 805 3781 tamen
821 3727 921 3781 Cicero
936 3723 1041 3800 priorir
1060 3727 1103 3780 rai
1117 3735 1166 3778 aut
1181 3725 1343 3800 philosophi

279 3802 463 3861 regnarent«,
487 3793 636 3865 posteriori
650 3805 742 3847 autern
759 3794 907 3848 sententia:
932 3805 1002 3848 »aut
1017 3807 1097 3866 regee
1110 3792 1345 3865 philosopharen-

279 3867 349 3912 tur«
367 3858 521 3928 exprimere
537 3861 625 3913 vellet,
636 3892 669 3903 -
687 3862 827 3930 aliquando
844 3864 981 3913 universae
995 3863 1059 3927 rar'p.
1079 3858 1247 3912 Ciceronem
1264 3861 1290 3915 b.
1303 3879 1343 3914 vt.

279 3938 308 3976 se
324 3924 414 3993 ipsum
431 3933 458 3977 ct
474 3927 646 3979 consulatum
663 3942 743 3979 suurn
760 3926 900 3998 respicere
913 3944 969 3979 non
982 3924 1169 3996 improbabile
1181 3924 1343 3981 videtur.-

278 3991 327 4042 t‘ttr'
336 4004 416 4058 prov.
444 3992 540 4057 haiae,
557 3993 601 4044 cui
616 4002 648 4045 tu
683 3993 822 4045 raesis.-
855 4005 881 4043 et
898 3994 1030 4061 temporis.
1056 3989 1139 4068 Quod
1153 3991 1285 4050 Lambin.
1303 3989 1346 4046 ad·

279 4054 335 4110 ditt
353 4055 529 4119 collocutum,
546 4074 601 4110 non
616 4011 696 4111 faciie
712 4056 902 4112 desiderasses.

329 4152 355 4216 §.
365 4143 407 4203 do.
424 4141 568 4221 quombm[
567 4143 649 4222 que],·
660 4145 843 4218 copulamque
851 4143 915 4200 addi
921 4145 1007 4204 voluit
1014 4146 1346 4222 Schutr.,praeeunttbur
