2768 4866
521 273 583 334 llll.
604 274 646 334 lll.
685 274 735 336 ΕΡ.
755 275 799 336 ΙΧ.
1128 273 1190 340 15¹

101 456 244 523 'Ludos
277 458 419 542 apparat
451 454 824 542 magnificentissimos:
861 459 932 546 sic,
967 458 1123 546 inquam,
1155 463 1193 524 ut

125 582 223 630 nemo
244 560 528 647 sumptuosiores:
549 561 653 626 stulte
673 561 725 628 bis
742 567 878 651 terque,
899 581 965 628 uon
981 564 1191 650 postulatosz
1211 586 1215 594 ·

129 671 187 737 vel
208 669 285 756 quis
304 686 423 733 munus
444 667 655 756 magnificum
678 669 836 757 dederat,
866 669 922 735 vel
945 671 1023 755 quia
1043 670 1191 736 fuculta-

130 783 184 844 tcs
205 777 411 858 nouerant,
443 773 500 839 vel
528 776 605 860 quis
632 776 818 864 magister,
846 776 904 840 vel
933 778 1011 862 quis
1037 783 1193 861 potuerat

130 887 327 972 magistrum
349 899 407 968 se,
428 899 495 947 uon
511 883 653 949 aedilem
666 887 796 969 putare.
841 882 960 951 Olunta
973 882 1046 948 lere
1059 886 1191 969 scripsi.

132 992 242 1077 Cura,
264 991 306 1056 mi
328 989 500 1055 carissime
519 989 645 1076 irater,
668 994 704 1054 ut
725 989 855 1054 valeas.

479 1351 749 1431 EPISTOLA
779 1349 847 1426 lX.

131 1528 240 1602 Scripta
260 1526 379 1597 Romae,
412 1524 490 1581 initio
509 1538 544 1580 m.
560 1521 708 1582 Decembr.
730 1519 762 1580 ll.
784 1519 815 1579 U.
838 1517 867 1578 C.
891 1519 950 1578 too
977 1497 1024 1593 (a.
1045 1519 1108 1580 Chr.
1128 1520 1194 1594 bl)

522 1617 618 1678 iisdem
640 1617 804 1678 oonsulibus.

92 1790 95 1795 ·
134 1767 343 1832 Arpumcntum.
380 1760 421 1811 De
439 1757 559 1811 Gabinio
579 1757 594 1810 a
611 1775 640 1811 sc
654 1776 710 1811 uon
728 1756 840 1811 defenso
860 1775 891 1825 ¹3
906 1755 941 1808 de
957 1756 1067 1810 Milonis
1082 1753 1195 1811 inludis

233 1838 404 1896 instituendis
424 1838 585 1912 profusione
605 1859 637 1908 ¹3
670 1838 704 1892 de
722 1838 841 1892 motibus
859 1837 991 1901 venientis
1009 1839 1072 1891 anni
1093 1839 1126 1906 ὃς
1160 1836 1195 1891 ‹lc

234 1922 375 1994 mancipiis
391 1938 408 1975 a
424 1921 526 1996 Quinto
542 1920 594 1974 sibi
609 1919 728 1974 emendis
741 1924 757 1988 4
764 1939 774 1989 3
801 1919 836 1972 dc
851 1919 967 1996 epistola
980 1919 1083 1972 Vatinii
1102 1920 1135 1988 53
1161 1917 1195 1973 dc

232 2008 358 2078 po'c'mate
376 2003 411 2058 ad
429 2007 575 2058 Caesarem
591 2004 721 2058 absoluto
738 2004 771 2070 63
800 2000 834 2054 de
851 2001 944 2077 Quinti
957 1999 1083 2056 aediliciis
1102 2019 1118 2071 7
1124 2020 1133 2070 3
1161 2000 1195 2054 dc

232 2086 332 2140 Felicis
347 2096 510 2141 testamento
523 2087 540 2140 8
545 2103 554 2154 3
580 2083 613 2138 de
628 2083 721 2163 Quinti
736 2082 792 2138 filio
807 2100 833 2155 9.

133 2327 222 2392 sione,
239 2325 315 2395 quod
335 2336 413 2393 ante,
430 2342 487 2396 <prro
505 2341 575 2377 anno
593 2325 624 2377 C.
641 2325 758 2388 Cacsar,
776 2339 833 2395 quo
849 2322 997 2394 Pompeius
1015 2320 1112 2374 consul
1128 2317 1195 2385 fuit,

134 2402 271 2446 evenerat.
304 2390 385 2468 Quod
403 2393 424 2444 si
443 2392 494 2443 vim
512 2390 538 2441 vi
554 2389 672 2460 repellet
688 2389 772 2454 Milo,
791 2387 891 2442 valebit
905 2389 1071 2443 intercessio.
1088 2386 1196 2439 Manus.

135 2491 166 2500 .-
205 2456 340 2524 ecferatur
363 2458 406 2511 lex
431 2459 464 2509 de
484 2456 618 2509 dictatore
641 2473 656 2508 a
678 2454 860 2508 sectatoribus
878 2452 1009 2532 Pompeii.
1029 2482 1061 2494 -
1095 2453 1194 2513 Ludos,
1231 2502 1233 2507 ,

133 2475 235 2596 quibus
251 2535 392 2578 mortuum
409 2523 528 2594 aliquem
547 2523 573 2574 in
592 2520 750 2593 magistratu
765 2519 894 2586 aedilem,
918 2536 996 2571 curus
1014 2516 1195 2571 hereditatem

133 2599 294 2644 testamento
313 2590 364 2644 sibi
382 2592 501 2662 legatam
519 2598 681 2659 acceperat,
704 2604 733 2639 se
754 2585 892 2640 honorare
909 2582 1071 2651 simulabat,
1095 2597 1195 2636 revera

134 2668 225 2709 autern
252 2655 325 2727 vulgi
348 2655 471 2709 favorem
496 2656 682 2728 suffragioque
703 2653 840 2723 captabat.
873 2652 909 2704 V.
929 2647 963 2702 ad
985 2648 1041 2704 ‹tis-
1059 2666 1089 2715 s,
1107 2651 1139 2714 b,
1157 2647 1192 2701 δε

133 2723 211 2786 vulgi
224 2737 256 2770 oc
270 2722 448 2772 multitudiuis
464 2719 598 2790 (studium
617 2720 762 2786 babemus)
776 2730 887 2788 propter
903 2717 1123 2782 moeofficcntiam
1140 2729 1196 2765 mu·

134 2802 226 2835 sacrum
243 2785 476 2856 liberalitatemque
492 2797 613 2838 naturae.
630 2817 661 2828 -
694 2787 911 2852 sumptuosiores.
938 2754 980 2836 fif.
998 2797 1032 2852 ep
1056 2795 1114 2851 seq.
1128 2785 1152 2847 §-
1167 2792 1211 2831 us

135 2849 199 2902 Tria
216 2865 265 2900 sua
283 2850 445 2920 patrimonia
461 2851 488 2904 in
508 2853 555 2904 hos
572 2849 653 2904 ludos
668 2848 822 2920 profudisse
839 2847 904 2901 dicit
921 2849 1020 2902 Cicero
1034 2846 1131 2900 Milon.
1149 2843 1191 2897 35.

136 2923 163 2968 et
181 2919 278 2967 Ancon.
292 2915 325 2966 ad
344 2915 369 2969 h.
385 2918 407 2969 l.
425 2944 457 2956 -
498 2917 535 2966 bis
552 2929 642 2988 terpus
664 2942 696 2966 =
720 2914 813 2976 valde,
833 2912 943 2979 eximia,
960 2928 1143 2984 magnopere,
1160 2919 1192 2962 ut

131 2977 387 3113 tollslttllt
403 2981 888 3104 tottf‘ttltlllttl‘lm?
905 2978 1034 3100 lt'l'l
1047 2977 1191 3098 luisti

135 3113 268 3183 Argutius
283 3111 365 3186 igitur
381 3067 437 3180 get,
457 3089 541 3184 'quod'
558 3114 665 3168 Manut.
688 3114 722 3166 ad
739 3065 959 3184 rsrqsep'subttctt
999 3121 1054 3164 sut
1074 3111 1192 3163 fortasse

135 3179 221 3231 trinos
238 3178 265 3232 in
277 3177 358 3231 ludos
375 3179 428 3233 tria
443 3179 488 3232 illa
505 3180 687 3250 patrimonia,
708 3180 736 3234 iu
750 3179 871 3250 singulos
885 3152 990 3250 singula
1005 3173 1192 3248 profuderit«

134 3261 236 3320 -grmo
251 3246 410 3313 postulatos.
433 3246 480 3300 sio
490 3249 556 3299 Ern.
571 3247 724 3317 suspicatus
740 3255 781 3299 est
799 3244 936 3315 habetque
950 3259 1045 3312 inungo
1059 3238 1191 3295 Cratand.

133 3308 243 3379 Vulgo:
259 3328 311 3362 uon
324 3313 486 3379 postulatus.
520 3315 544 3365 Δ
565 3313 628 3366 solis
648 3310 848 3385 magistratibus
869 3309 928 3362 ludi
946 3306 1082 3381 postulari
1103 3313 1140 3377 (v.
1157 3302 1192 3358 ad

134 3374 188 3426 div.
207 3391 238 3444 9,
251 3376 269 3429 8
283 3375 353 3440 init.)
376 3387 523 3448 poteraut;
549 3377 616 3430 totto
639 3389 748 3443 autem,
764 3393 847 3446 quem
869 3386 1028 3447 praetorem
1048 3373 1100 3426 hoc
1119 3387 1191 3439 anuo

134 3441 218 3494 luisse
240 3457 272 3493 ex
294 3440 345 3493 boc
366 3443 428 3498 loeo
446 3445 517 3498 male
537 3443 677 3497 concludit
702 3445 824 3516 Pighius,
849 3458 892 3495 ma
911 3441 1023 3496 istratus
1040 3456 1096 3492 non
1115 3447 1192 3504 erut,

135 3505 183 3560 sed
200 3516 297 3576 sponte
313 3517 343 3560 ut
358 3508 438 3563 lueres
454 3507 534 3563 ludos
550 3508 632 3564 dedit.
650 3543 683 3554 -
716 3527 811 3562 munos
833 3506 1032 3580 gladiatorium.
1055 3538 1089 3551 -
1122 3505 1194 3555 dede·

137 3583 182 3623 rat
197 3570 289 3626 aedilis
302 3589 325 3626 tt·
341 3591 366 3628 u.
383 3573 441 3644 699.
458 3608 489 3619 -
504 3577 554 3627 'nel
565 3578 626 3645 quia
642 3578 770 3644 magister
783 3573 941 3630 hereditatis
956 3573 1028 3631 inter
1040 3568 1192 3625 coheredes

135 3637 289 3704 curandae,
305 3654 360 3691 uon
374 3639 466 3694 aedilis
482 3651 543 3695 erat
558 3650 599 3708 (v.
613 3641 670 3696 Cic.
684 3641 731 3698 off.
749 3658 782 3708 n,
799 3641 844 3704 ιθ,
858 3641 919 3707 57),
936 3638 1008 3693 ludis
1023 3637 1130 3692 omnino
1145 3636 1193 3689 sb·

136 3703 236 3781 ttinere
257 3714 389 3775 poteras·
410 3705 521 3760 Schiitz.
536 3711 589 3762 tris
603 3709 669 3762 haec
686 3707 770 3761 verba
785 3707 861 3760 uncis
877 3708 1003 3773 inclusit;
1021 3710 1127 3776 ubsque
1147 3718 1193 3754 ne·

137 3779 266 3848 cesenate.
284 3799 316 3814 -
355 3771 397 3822 vel
421 3775 482 3843 posit
522 3787 559 3826 ot.
578 3777 684 3840 magist.
699 3793 746 3837 ss,
762 3791 815 3826 non
834 3774 941 3825 audilam
958 3784 1016 3841 put.
1040 3771 1057 3827 i.
1070 3787 1093 3825 c.
1112 3768 1192 3840 quia,

136 3844 239 3888 etiamsi
256 3836 334 3890 heres
350 3849 421 3891 esset
440 3792 534 3891 aedilis
545 3840 573 3892 in
586 3840 746 3920 magistratu
762 3839 879 3904 mortui,
897 3839 976 3893 etsie
988 3833 1191 3910 quodammodo

134 3917 163 3952 se
180 3912 291 3972 putaret
304 3903 331 3955 in
348 3903 405 3957 eius
420 3905 511 3956 locum
527 3922 687 3960 successisse
704 3905 841 3977 ludosque
856 3905 925 3958 dare
942 3904 1060 3970 debere,
1082 3919 1137 3954 non
1154 3909 1192 3951 ta·

135 3967 254 4044 men'ab
275 3986 308 4020 eo
330 3971 483 4040 exspectari
499 3982 609 4042 poterat
629 3991 728 4028 munus
747 3986 803 4025 tom
821 3985 1019 4042 sumptuosum,
1045 3986 1078 4028 ae
1098 3967 1119 4020 si
1139 3969 1192 4034 epse

135 4029 228 4086 sedrlrs
244 4033 353 4102 fuisset,
370 4038 418 4108 qui
435 4055 532 4091 revera
548 4056 603 4091 non
618 4049 686 4095 erat.
