2768 4866
456 260 518 323 tte.
539 255 582 323 itt
623 260 675 323 ΕΡ.
695 257 728 322 1.’
1056 256 1122 328 113

52 453 121 518 est.
173 444 249 518 Sed
276 443 458 534 praestabo
485 447 651 531 comptum
680 461 845 531 nunquam
871 445 992 513 melina
1019 464 1123 534 posse

53 552 148 643 poni.
207 550 384 620 chilonem
410 550 635 618 arcessieram
661 548 824 617 Venafro.
878 549 952 620 Sed
979 568 1021 620 co
1047 553 1121 640 ipso

57 661 114 728 die
134 663 291 748 quattuor
311 659 385 725 ciue
406 675 591 726 conservos
613 662 649 726 et
670 656 852 745 discipulos
868 656 1010 724 Venafri
1026 659 1124 725 curri·

58 769 157 837 culus
180 769 406 856 oppresserat.
454 765 571 832 Idibus
592 764 746 852 Septim
767 765 904 832 Laterio
924 764 984 831 ini.
1026 764 1124 832 Viam
1164 757 1202 824 4.
1287 801 1289 805 ν

58 875 242 964 perspexi,
264 891 351 961 quae
369 871 448 940 mihi
468 873 517 939 ita
537 872 684 961 placuit,
716 876 754 936 ut
776 889 860 958 opus
880 870 1048 958 pubiicum
1070 871 1126 936 vi·

58 981 197 1048 deretur
228 998 331 1070 esse,
366 982 502 1068 praeter
533 975 592 1046 CL
622 995 757 1067 passus.
825 976 909 1045 Sum
936 978 1024 1044 euim
1052 976 1127 1061 ipae

13 1170 15 1176 Ι
57 1104 197 1155 mensus
217 1084 261 1152 ab
282 1103 323 1150 eo
343 1083 534 1172 ponticulo,
556 1086 610 1170 qui
631 1088 686 1151 ost
706 1082 749 1152 ad
771 1083 936 1170 Furinae,
958 1080 1128 1150 Satricum

62 1211 197 1263 versus.
249 1192 302 1258 Eo
329 1191 403 1258 ioco
430 1189 561 1278 pulvis,
588 1209 655 1256 non
681 1190 801 1277 glarea
827 1189 956 1265 iniecta
983 1192 1059 1254 eat:
1092 1192 1128 1255 et

61 1299 260 1385 mutabitur,
281 1302 317 1366 et
337 1315 380 1365 ea
400 1298 478 1363 viae
498 1314 580 1382 pars
594 1291 697 1359 valde
716 1292 857 1359 acclivis
872 1297 937 1360 est.
980 1291 1054 1362 Sed
1070 1293 1127 1360 iu·

61 1405 180 1472 tellexi
207 1403 307 1470 aliter
333 1401 410 1468 duci
436 1419 505 1467 non
531 1401 703 1486 potuisse,
733 1395 935 1485 praesertim
964 1419 1062 1486 quum
1090 1401 1129 1466 tu

62 1529 172 1599 neque
192 1528 255 1598 per
275 1510 443 1576 Locustae
463 1523 572 1593 nequo
591 1523 655 1591 per-
673 1504 840 1571 Varronis
860 1503 971 1570 velles
992 1504 1127 1572 ducere.

65 1620 231 1687 Veiuinus
253 1619 451 1682 antoanam
472 1611 608 1678 fundum
629 1629 736 1699 propo
759 1611 955 1679 munierat.-
978 1611 1131 1677 Locusta

64 1743 135 1792 non
156 1725 345 1810 attigerat:
373 1738 470 1807 quem
492 1736 561 1806 ego
581 1716 710 1784 Romae
729 1715 919 1806 aggrediar
938 1720 992 1806 et,
1013 1721 1051 1782 ut
1070 1733 1131 1782 ar-

54 1822 189 1919 bitror,
218 1826 452 1908 commovebo,
485 1827 521 1891 et
548 1823 646 1891 simul
672 1822 720 1890 Μ.
747 1823 915 1910 Taurum,
947 1842 1045 1919 quern
1071 1820 1132 1888 tibi

62 1935 163 2002 audio
184 1933 399 2021 promisisse,
429 1930 485 2016 qui
505 1948 593 1995 nuuc
614 1930 743 1996 Romae
764 1935 857 2018 erat,
886 1929 930 1997 de
956 1945 1042 2017 aqua
1069 1945 1132 2016 per

61 2039 200 2106 fundum
227 2037 300 2105 eiua
329 2033 483 2102 ducenda
510 2036 654 2120 rogabo.
702 2036 948 2126 Nicephorum,
978 2036 1127 2104 villicum
1167 2035 1202 2105 b.

64 2148 176 2235 tuum,
198 2162 283 2211 rane
303 2142 464 2229 probavi:
496 2142 715 2228 quaesivique
736 2159 780 2208 ex
801 2158 862 2230 eo,
890 2140 1011 2227 ecquid
1032 2142 1064 2208 ei
1085 2141 1129 2209 de

64 2252 124 2318 iila
142 2249 433 2319 aedifimtiuncula
450 2249 598 2338 Laterii,
621 2247 664 2316 de
686 2267 751 2335 qua
771 2265 900 2317 mecum
920 2247 1054 2316 locutus
1075 2267 1128 2339 es,

61 2450 212 2516 praestabo.
246 2469 272 2504 v.
289 2446 323 2529 ad
340 2457 364 2520 §¹
381 2466 418 2506 ro.
436 2466 480 2523 ep.
498 2470 518 2507 ι.
532 2448 580 2506 111).
596 2470 618 2506 ι.
634 2483 667 2495 -
701 2451 832 2504 Glrr‘lonem
849 2449 1044 2520 architectum,
1062 2454 1128 2508 olim

64 2531 193 2583 servum,
216 2535 290 2571 nunc
304 2515 443 2596 libertum.
462 2549 494 2559 -
529 2517 657 2588 Venafro,
679 2513 1129 2602 opulentbCampaniaeoppido.

62 2581 134 2770 {iridi
147 2581 951 2706 121ι113ᾐ115ε1ἓ1011111011ι111’ᾱ1ῗειιιῦὸ1ιί1ι11110111ὶῖ-
976 2585 1130 2714 iiiiiiiiiii

84 2726 163 2770 actuo
179 2716 232 2769 rub
248 2726 325 2770 terra
339 2715 464 2769 effamur.

132 2815 159 2876 s.
175 2810 201 2873 4.
235 2807 355 2869 Laterio,
375 2807 464 2859 altero
482 2806 578 2883 Quinti
594 2805 682 2860 fundo
699 2809 725 2860 iu
742 2808 878 2879 Arpinati.
913 2809 949 2863 V.
964 2825 1050 2879 supra
1068 2809 1087 2862 l.
1103 2824 1129 2865 a.

65 2889 81 2925 e
105 2891 152 2941 .7.
170 2904 202 2915 -
240 2873 333 2933 Viam,
350 2887 433 2942 quem
451 2871 627 2926 sternendam
641 2872 752 2928 curasti.
768 2903 802 2916 —
835 2875 872 2926 ad
883 2875 999 2926 Furinae
1013 2890 1049 2932 eo.
1064 2884 1131 2928 tent·

65 2889 393 3057 diuma-Furmapigssmpa
406 2935 473 3056 dqa,
486 2953 574 3058 qqarn
589 2955 651 2990 cum
659 2939 749 3057 lfa-qia
766 2937 879 3020 eandem
896 2956 955 2994 erae
972 2941 1130 3062 torqueatur

65 3021 132 3126 iiiia
150 3019 313 3124 iddirrooeiua
330 3007 703 3125 deaddr'rirrirabavilririotiei.
720 3006 822 3124 So5xiii.
849 3006 1048 3128 qqucqchc
1057 3024 1090 3137 ti,
1102 3026 1130 3128 d.

65 3142 102 3206 4,
118 3138 155 3191 15.
174 3137 205 3202 6,
219 3138 245 3190 3.
261 3169 295 3180 -
311 3135 473 3216 detractem,
489 3135 622 3207 oppidum
639 3154 666 3188 m
678 3138 757 3202 Latio
772 3134 805 3190 ad
819 3137 939 3209 Appiam
956 3139 1034 3195 viam.
1057 3139 1129 3218 Plio.

64 3199 690 3346 initia{aVidebit.„itit.³³·rii⁰b
705 3206 1131 3326 bai?'01211.⁶⁶..'iii“.⁶'ii':.iil

65 3358 97 3382 a.
123 3336 269 3395 Locustae,
295 3335 425 3385 Varronec
448 3350 485 3386 sc.
509 3331 634 3388 fundum.
653 3363 685 3376 -
721 3333 863 3396 Veloinae,
887 3349 1032 3404 pooaeaaor
1051 3334 1131 3392 fundi

65 3399 151 3455 fundo
169 3401 201 3477 Q.
221 3399 362 3452 Cioeronie
383 3397 479 3464 vicini,
506 3415 589 3470 quem
608 3396 725 3452 cundem
747 3417 811 3453 oum
832 3402 962 3454 Varrone
986 3417 1046 3455 ease
1071 3404 1130 3458 vuit

65 3470 171 3522 Manat.
205 3464 310 3519 Sciriita
333 3465 414 3517 otiam
430 3476 477 3519 aut
494 3465 547 3518 boo
562 3481 663 3518 nomen
676 3482 763 3518 corru
785 3475 842 3519 tum
859 3482 919 3519 esse
936 3476 964 3520 et
982 3468 1070 3520 Varro
1088 3484 1129 3529 re·
1222 3518 1227 3526 Α,

66 3529 243 3606 ponendum,
269 3541 316 3583 aut
331 3541 409 3584 autea
428 3549 480 3600 pro
500 3531 630 3583 Varronis
651 3482 827 3585 scribendum
844 3532 949 3605 Volcani
966 3543 1055 3606 putat.
1091 3535 1130 3590 At

66 3598 138 3654 onim
160 3597 236 3649 nulia
260 3596 446 3655 emendatione
473 3612 544 3668 opua
566 3613 626 3650 eoae
651 3595 775 3662 ridetur,
799 3614 886 3668 quum
904 3614 961 3651 non
981 3611 1131 3672 appareat,

65 3683 117 3724 cur
134 3660 168 3716 de
184 3660 294 3727 iisdem,
322 3679 392 3733 quoa
409 3663 532 3731 proxime
550 3662 737 3717 nominaverat
754 3663 870 3728 Cicero,
897 3680 988 3718 sermo
1005 3683 1064 3721 eaeo
1084 3665 1131 3722 de·

64 3730 146 3796 beat,
168 3726 333 3801 praesertim
350 3743 436 3798 quum
452 3728 542 3781 atatim
560 3728 641 3784 alium
657 3737 803 3800 praeterea
816 3729 933 3782 vicinum
949 3731 989 3785 M.
1005 3733 1129 3787 Taurum

64 3804 271 3849 commemoret.
286 3826 319 3836 -
349 3810 442 3861 prope.
464 3793 533 3871 Era.
548 3792 662 3848 coniecit
676 3795 778 3863 prober
795 3794 900 3866 absque
914 3797 1083 3856 neoeaaitate.
1095 3831 1129 3843 -
1219 3834 1223 3844 ·

67 3864 218 3922 manahat,
243 3859 314 3914 riam
330 3868 482 3927 straverat,
507 3870 545 3913 rta
567 3869 598 3913 ut
617 3861 683 3913 baec
701 3859 742 3913 via
757 3871 819 3914 anto
835 3860 952 3915 fundum
968 3865 1077 3920 Velvini
1093 3863 1129 3916 ad

66 3936 143 3981 tuam
166 3942 256 3999 usque
277 3925 437 3998 pertineret.
452 3957 485 3970 -
517 3943 570 3976 oron
593 3927 742 3992 attigerat,
765 3925 887 3979 nondum
906 3940 1037 4001 coeperet
1059 3929 1128 3983 viam

66 3992 183 4046 munire.
199 4023 233 4035 -
265 3993 423 4062 aggrediar,
440 3989 537 4059 adibo,
554 3989 730 4061 conveniam,
746 3993 894 4063 precabor.

134 4091 161 4154 s.
179 4085 204 4138 5.
239 4085 270 4136 de
283 4084 331 4138 r'lta
348 4084 593 4165 aedfican'ancula,
610 4076 645 4139 de
659 4101 747 4156 parvo
761 4085 810 4141 iiio
825 4101 913 4158 opero
930 4087 1064 4144 struendo
1078 4101 1128 4141 acu

893 4169 920 4236 8
