2768 4866
537 245 598 308 tle.
619 247 638 306 l.
679 247 731 307 ΕΡ.
753 248 771 307 l.
1141 241 1189 311 25

126 434 321 518 cuiusquam
342 429 553 517 praeceptis,
582 427 645 496 sed
673 429 774 496 etiam
794 447 920 518 magna
941 431 1006 497 iam
1027 447 1071 497 ex
1092 435 1189 517 parte

125 530 329 631 perfecisti?
379 539 458 605 Non
487 537 576 604 enim
602 535 769 604 desistunt
795 538 894 604 nohis
914 557 1021 625 agere
1041 539 1190 626 quotidie

124 650 258 738 gratias
274 645 535 713 honestissimae
551 647 587 710 et
605 643 769 708 maximae
784 642 987 712 societates:
1008 645 1096 732 quod
1112 646 1189 731 qui-

128 756 204 822 dem
237 754 316 821 mihi
345 751 471 817 idcirco
504 748 680 817 iucundius
711 755 787 837 est,
824 750 912 838 quod
944 750 1033 819 idem
1064 752 1190 819 taelont

127 861 260 929 Graeci.
311 857 457 925 Difficile
479 860 533 923 est
553 859 681 943 autem,
703 874 767 946 ea,
790 875 875 944 qnae
897 857 1099 948 commodis,
1121 861 1189 928 uti-

125 969 223 1036 litate
245 970 280 1033 et
300 984 405 1053 prope
425 968 546 1030 natura
567 962 705 1031 diversa
726 968 825 1052 suut,
848 964 1026 1031 voluntate
1047 967 1190 1034 coniun-

128 1093 227 1164 gere.
279 1076 328 1140 At
355 1091 396 1138 ea
423 1071 576 1159 quidem,
607 1089 692 1159 quae
713 1088 817 1155 supra
841 1071 972 1157 scripta
992 1075 1092 1160 sunt,
1109 1091 1191 1161 xnon

127 1187 166 1247 ut
187 1188 220 1248 te
239 1181 471 1267 instituerem,
491 1178 676 1264 scripsi-
695 1196 805 1263 neque
827 1179 914 1243 enim
934 1178 1112 1265 prudentia
1132 1182 1192 1246 tua

128 1286 321 1374 cuiusquam
341 1290 525 1373 praecepta
546 1284 780 1352 desiderat-
800 1284 863 1351 sed
883 1304 936 1352 me
956 1286 992 1351 in
1011 1283 1191 1352 scribendo

128 1393 397 1488 commemoratio
424 1397 504 1458 tuae
530 1393 666 1458 virtutis
695 1391 911 1458 delectavite·
924 1410 1129 1479 ,quamquam
1156 1391 1191 1456 in

127 1500 181 1567 his
202 1500 311 1568 literis
332 1499 468 1588 longior
489 1497 558 1586 ini,
589 1516 687 1584 quam
716 1501 774 1564 aut
794 1495 919 1565 vellem
939 1502 999 1564 aut
1018 1518 1116 1585 quam
1137 1515 1190 1564 me

126 1608 244 1694 putavi
263 1607 349 1672 sore.
551 1673 558 1685 ,
1184 1624 1187 1629 ·

84 1774 92 1793 .,
210 1711 321 1778 Unum
342 1713 416 1799 est,
440 1710 525 1798 quod
548 1710 607 1779 tibi
628 1732 697 1802 ego
718 1713 917 1800 praecipere
934 1730 1002 1779 non
1022 1711 1191 1799 desinam,
1213 1712 1314 1782 Xlll.
1331 1713 1379 1781 st

130 1834 239 1903 neque
260 1820 296 1883 te
315 1818 427 1903 patiar
448 1853 489 1866 -
510 1823 668 1905 quantum
690 1821 754 1901 erit
774 1821 809 1887 in
830 1839 884 1887 me
907 1838 1040 1886 —cnm
1062 1837 1192 1905 excep-

130 1924 223 1990 tione
241 1923 382 1990 laudari.
427 1922 552 1992 Omnes
575 1927 680 2010 enim,
701 1928 756 2014 qui
778 1928 879 1993 istinc
899 1926 1058 2013 veniunt,
1079 1927 1128 1991 lta
1149 1916 1193 1992 d‘e

93 2102 95 2111 ⁴
128 2036 185 2098 tua
206 2031 350 2118 virtute,
372 2031 591 2120 integritate,
620 2033 825 2100 humanitate
846 2037 1126 2118 commemorant,
1156 2035 1194 2097 ut

126 2138 162 2203 in
194 2139 261 2203 tuis
293 2139 429 2203 summis
460 2137 613 2206 laudibus
645 2140 815 2227 excipiant
846 2160 943 2206 unam
976 2137 1191 2206 iracundiam.

129 2243 227 2326 Quod
253 2246 370 2311 vitium
399 2264 496 2331 quum
522 2246 558 2311 in
585 2247 649 2313 bac
675 2249 809 2335 priv-ata
839 2245 1099 2334 quotidianaque
1119 2246 1193 2311 vita

128 2350 217 2416 levis
239 2368 318 2418 esse
339 2351 441 2417 animi
461 2356 561 2439 atquc
582 2354 702 2420 infirmi
731 2352 886 2440 videtur,
916 2358 983 2419 tum
1005 2371 1088 2419 vero
1111 2350 1193 2418 nihil

129 2461 185 2522 est
206 2461 274 2523 tam
304 2456 474 2543 deforme,
506 2478 603 2545 quam
630 2460 674 2526 ad
702 2479 863 2527 summum
890 2461 1063 2546 imperium
1091 2460 1192 2527 etiam

128 2563 350 2650 acerbitatem
370 2568 514 2630 naturae
534 2567 734 2654 adiungere.
785 2565 899 2648 Quare
918 2563 1002 2629 illud
1022 2582 1090 2628 non
1111 2583 1193 2629 sns-

128 2666 268 2759 cipiam,
290 2676 346 2758 ut,
370 2688 454 2757 quac
475 2670 518 2737 de
538 2672 713 2740 iracundia
734 2671 800 2738 dici
818 2669 933 2735 'solent
953 2686 973 2733 a
990 2667 1193 2733 doctissimis

129 2777 336 2862 hominibus,
358 2794 400 2843 ea
421 2797 509 2845 nunc
530 2777 591 2843 tibi
612 2796 797 2865 exponam,
820 2795 918 2864 quum
940 2778 976 2840 et
996 2775 1094 2838 nimis
1114 2772 1194 2837 lon-

130 2901 200 2969 gus
221 2900 302 2948 esse
322 2882 442 2969 nolim,
466 2889 502 2953 et
523 2902 567 2950 ex
585 2884 761 2951 multorum
777 2881 915 2968 scriptis
933 2899 975 2948 ca
990 2879 1093 2971 facile
1109 2897 1193 2966 pos-

128 2989 178 3056 sis
197 3005 432 3076 cognoscere:
454 2989 553 3078 illud,
576 2989 664 3077 quod
687 2994 742 3057 est
761 2987 928 3076 epistolae
946 2986 1135 3074 proprium,
1157 2990 1194 3051 ut

129 3151 238 3207 Grotef.
256 3159 279 3221 5.
294 3172 342 3236 2,¹7,
363 3164 390 3209 et
406 3156 440 3239 Q.
454 3153 513 3210 (lic.
530 3153 565 3236 de
581 3166 635 3228 pet.
648 3157 733 3234 pons.
751 3173 777 3224 p.
792 3156 831 3209 36.
850 3187 882 3199 -
915 3158 1053 3208 societates
1071 3154 1195 3225 publica·

128 3235 246 3289 uorum,
268 3237 315 3292 qm
334 3239 362 3274 m
380 3231 524 3277 societates
540 3220 676 3294 dispertiti
694 3223 834 3294 vectigalia
851 3222 1051 3275 conducebant.
1088 3221 1122 3272 V.
1140 3232 1195 3297 pro

130 3285 226 3362 Plane.
243 3286 280 3339 ιδ.
296 3289 348 3368 Ep.
361 3285 395 3339 ed
408 3284 454 3343 dir
515 3306 564 3368 Ἰ9.
580 3319 614 3331 -
647 3305 687 3341 ea.
718 3289 856 3366 Neutpum
875 3287 1060 3369 promascul.
1077 3302 1140 3363 eoru,
1157 3302 1195 3337 m·

128 3366 229 3466 mrrnrrlr
246 3353 411 3471 perbbcanee
424 3364 454 3411 st
491 3371 619 3474 1οι(ἷς.--
652 3367 771 3417 natare,
793 3371 917 3426 ingemo,
934 3354 1041 3420 indole,
1059 3351 1192 3405 moribus.

128 3433 366 3469 -aaaaae=
405 3437 491 3476 emero
504 3437 538 3474 en
551 3436 712 3488 1a‚amore.

197 3497 272 3551 XIII.
288 3504 330 3566 §.¹
363 3538 370 3553 .
402 3505 441 3554 tta
525 3513 730 3556 commemorant
752 3527 784 3551 =
809 3499 846 3554 ita
867 3499 997 3555 laudibus
1015 3497 1145 3552 efferunt.
1164 3533 1194 3543 -

129 3564 210 3641 Quae
228 3564 327 3617 Cicero
368 3583 399 3619 ac
420 3575 436 3637 ς
454 3579 482 3622 ct
497 3587 538 3641 sq.
556 3566 590 3620 de
615 3569 755 3621 iracundia
772 3567 850 3634 dicit,
877 3565 1016 3618 verissima
1034 3575 1143 3619 sancet
1163 3581 1196 3618 cx

128 3641 231 3684 natura
248 3629 329 3684 animi
347 3633 458 3687 humani
475 3634 558 3689 ducta
569 3643 641 3688 suut.
674 3633 717 3688 Cf.
732 3632 767 3686 de
783 3633 830 3687 ae.
849 3650 931 3702 1,29.
946 3635 968 3700 §.
986 3647 1042 3684 roc.
1053 3663 1084 3673 -
1119 3633 1196 3693 levet,

126 3695 339 3766 inconsiderati,
365 3700 475 3767 iafirmt,
498 3701 547 3772 qui
573 3700 616 3752 sui
645 3716 700 3752 non
722 3714 836 3770 compos
852 3698 903 3766 sit,
934 3696 1029 3773 quise
1047 3713 1147 3770 regere
1167 3707 1196 3750 ct

128 3764 271 3818 continere
287 3766 400 3818 nesciat.
422 3796 456 3806 -
495 3767 664 3818 acerbitatem
687 3778 801 3816 naturae
823 3763 840 3818 i.
862 3780 885 3820 o.
908 3763 1089 3816 iracundiam.
1110 3796 1142 3807 -
1178 3780 1195 3813 a

128 3831 236 3886 doctiss.
256 3831 325 3890 bom.
349 3851 373 3885 v.
390 3848 418 3884 c.
440 3829 476 3885 ab
495 3830 646 3884 Aristotele
666 3831 694 3882 in
712 3829 822 3893 ethicis,
851 3830 967 3883 Platone
987 3829 1015 3882 in
1032 3829 1149 3882 Philebo
1168 3837 1197 3881 ct

129 3895 148 3948 l.
166 3901 183 3964 4
202 3896 236 3949 de
253 3913 314 3968 rep.
332 3931 364 3942 -
405 3897 474 3949 r'llad
495 3916 518 3969 q.
537 3908 576 3948 est
597 3915 634 3966 ep.
648 3913 693 3964 pr.
726 3896 865 3948 Delerunt
883 3913 966 3968 pron.
987 3896 1055 3947 illud
1072 3897 1140 3950 Ern.
1168 3905 1197 3946 ct

128 3961 250 4028 Schultz,
298 3963 342 4018 uia
363 3980 395 4018 ea
415 3964 449 4018 sit
471 3972 610 4036 perpetua
630 3961 720 4014 forma
742 3961 892 4032 elegantiae
916 3961 1132 4020 Ciceronianae,
1164 3968 1196 4012 ut

127 4028 197 4080 illud
210 4028 255 4082 vel
271 3978 300 4080 rb
314 4032 342 4085 in
358 4047 413 4085 una
425 4039 506 4104 parte
519 4025 638 4101 periodi,
652 4024 749 4080 deinde
762 4029 833 4099 qaod
847 4027 874 4082 in
889 4031 977 4084 alters
991 4037 1084 4100 ponat.
1101 4024 1176 4078 Male
1184 4046 1193 4095 3

126 4095 365 4168 accubueram,
378 4112 451 4171 quse
463 4095 593 4170 sequitur
607 4095 752 4162 sententis,
763 4094 865 4151 clarius
877 4095 1033 4166 fortiusque
1048 4093 1182 4146 etieratur
