2768 4866
268 215 295 278 4
409 216 445 274 al.
466 215 495 273 Τ.
518 212 701 275 CICERONIS
722 210 873 272 aristot.
896 212 943 270 alt
967 220 996 282 Q.
1021 214 1187 274 FRATREM

267 394 356 460 ultro
379 408 538 459 occurras
560 391 721 481 negotiis.
763 390 885 476 Neque
906 392 993 457 enim
1015 391 1180 476 ejusmodi
1203 399 1339 478 partem

268 501 318 566 rei
340 498 494 586 publicae
514 498 630 586 geris,
658 498 781 583 inqua
809 497 946 563 fortuna
973 498 1179 584 dominetur,
1210 499 1278 566 sed
1308 501 1339 565 in

268 623 335 693 qua
355 606 528 692 plurimum
548 606 634 671 ratio
656 606 765 691 possit
786 609 822 671 et
843 603 1031 691 diligentia.
1087 604 1183 685 Quod
1216 608 1249 670 si
1279 607 1338 672 tibi

267 713 391 779 bellum
419 711 555 800 aliquod
584 731 743 800 magnum
772 715 807 777 et
833 711 1057 796 periculosum
1085 710 1338 778 administranti

269 823 490 908 prorogatum
510 820 685 905 imperium
703 818 872 905 viderem,
894 824 1070 883 tremerem
1092 820 1223 905 animo,
1250 820 1338 905 quod

271 924 389 991 endem
410 929 562 1012 tempore
585 941 665 989 esse
685 923 912 1011 intelligerem
934 926 1033 989 etiam
1058 925 1212 991 fortunae
1234 934 1337 1012 pote-

198 1025 232 1095 5.
272 1034 396 1096 statem
416 1031 452 1095 in
472 1048 537 1095 nos
558 1033 787 1115 prorogatam.
829 1030 931 1095 Nunc
947 1049 1030 1096 vero
1051 1050 1093 1096 ea
1110 1051 1191 1117 pars
1209 1033 1274 1097 tibi
1293 1035 1340 1101 rei

271 1135 428 1223 publicae
453 1134 630 1200 commissa
651 1136 724 1221 est,
751 1134 785 1198 in
805 1155 871 1221 qua
890 1141 947 1201 aut
969 1136 1092 1201 nullam
1115 1141 1174 1202 aut
1195 1140 1338 1223 perexi-

273 1259 377 1328 guam
402 1243 533 1326 partem
560 1238 696 1304 fortuna
723 1242 818 1306 tenet
845 1248 879 1309 et
907 1244 1095 1328 quaemihi
1122 1247 1197 1308 tota
1223 1244 1262 1308 in
1284 1250 1339 1311 tua

272 1347 400 1413 uirtute
413 1364 454 1412 ae
467 1344 697 1412 moderatione
715 1347 815 1412 animi
830 1349 944 1434 posita
955 1368 1033 1415 esse
1048 1348 1215 1415 videatur.
1246 1350 1339 1415 Nul-

273 1454 346 1542 las,
369 1456 406 1519 ut
427 1454 564 1542 opinor,
592 1451 734 1519 insidias
756 1453 920 1538 hostium,
951 1454 1073 1519 nullam
1094 1455 1214 1540 proelii
1236 1456 1339 1522 dimi-

274 1562 463 1649 cationem,
494 1560 620 1626 nullam
641 1559 865 1626 defectionem
886 1562 1072 1649 sociorum,
1104 1560 1231 1625 nullam
1263 1563 1341 1628 ino·
1377 1632 1379 1645 ,

274 1674 362 1756 piam
383 1668 544 1754 stipendii
565 1672 625 1733 aut
644 1668 694 1732 rei
714 1666 974 1755 frumentariae,
996 1667 1118 1733 nullam
1135 1667 1342 1734 seditionem
1377 1674 1379 1683 '

274 1776 445 1842 exercitus
467 1774 752 1861 pertimescimust
780 1790 868 1859 quae
889 1793 1056 1862 persaepe
1077 1776 1343 1861 sapientissimis

273 1882 359 1948 viris
380 1880 595 1968 acciderunt,
624 1883 680 1964 ut,
702 1878 977 1965 quemadmodum
998 1880 1251 1967 gubernatores
1276 1903 1341 1970 op·

192 2056 199 2065 ,
274 1990 346 2057 timi
362 1991 429 2055 vim
444 1987 675 2072 tempestatis,
697 1987 748 2050 sic
761 1985 811 2050 illi
829 1985 985 2052 fortunae
1000 1990 1157 2074 impetum
1174 2009 1341 2075 superare

274 2114 343 2159 nou
364 2097 517 2179 possent.
560 2093 636 2158 Tibi
658 2093 739 2159 data
757 2098 812 2159 est
832 2112 959 2159 summa
978 2114 1068 2182 pax,
1090 2115 1219 2161 summa
1240 2102 1342 2165 tran·

276 2202 441 2290 quillitas:
469 2201 519 2266 ita
545 2203 676 2287 tamen,
705 2203 743 2264 ut
769 2218 811 2266 ea
832 2198 1051 2265 dormientem
1072 2200 1340 2287 gubernatorem

202 2306 238 2374 6.
272 2308 329 2374 vel
352 2307 513 2393 obruere,
533 2304 733 2391 vigilantem
755 2305 855 2371 etiam
877 2305 1049 2372 delectare
1070 2308 1189 2421 possit.
1241 2309 1338 2376 Con-

273 2418 345 2481 stat
364 2412 452 2479 enim
473 2429 515 2478 ea
529 2410 703 2498 provincia
719 2411 858 2497 primum
879 2434 924 2481 ex
946 2432 986 2479 eo
1002 2433 1132 2500 genere
1148 2416 1338 2502 sociorum,

274 2518 365 2606 quod
385 2523 439 2585 est
459 2536 505 2583 ex
524 2517 692 2582 hominum
709 2517 797 2581 omni
813 2537 946 2605 genere
960 2521 1251 2589 immanissimum:
1275 2526 1338 2592 de·

270 2626 354 2694 inde
370 2645 415 2692 ex
430 2644 470 2691 eo
489 2626 619 2712 genere
634 2623 770 2708 civium,
789 2627 845 2708 qui
859 2630 936 2714 aut,
954 2628 1041 2714 quod
1055 2629 1226 2714 publicani
1241 2640 1337 2719 sunt,

274 2752 339 2799 nos
360 2751 490 2798 summa
509 2732 761 2797 necessitudine
782 2732 975 2819 attingunt:
998 2738 1073 2820 aut,
1096 2733 1184 2820 quod
1205 2736 1253 2800 ita
1274 2756 1339 2802 ne-

274 2840 470 2928 gotiantur,
501 2841 539 2903 ut
558 2838 745 2925 locupletes
765 2841 851 2928 sint,
880 2841 988 2906 nostri
1010 2841 1206 2908 consulatus
1228 2842 1336 2908 bene-

275 2944 351 3010 ficio
372 2961 412 3009 se
433 2944 616 3011 incolumes
637 2945 790 3032 fortunas
810 2946 936 3011 babere
956 2945 1170 3013 arbitrantur.

342 3115 365 3183 §.
382 3111 406 3165 5.
439 3113 465 3163 in
484 3130 536 3183 qun
554 3155 560 3167 .
575 3154 602 3168 ..
627 3127 696 3166 tenea
717 3143 750 3165 =
771 3116 798 3170 in
819 3133 875 3187 qua
896 3115 1108 3170 administranda
1126 3118 1192 3171 nihil
1210 3126 1257 3170 aut
1272 3132 1339 3188 per·

277 3177 403 3251 exiguum
421 3179 562 3231 asortuna
575 3175 686 3249 pendet.
701 3215 731 3224 -
765 3184 832 3235 null.
843 3185 928 3251 procl.
941 3185 1026 3237 drinio.
1043 3185 1058 3236 i.
1074 3184 1218 3238 edulium
1236 3184 1338 3254 proelii

277 3243 424 3300 discrimen
445 3245 639 3316 speciculum
657 3247 823 3320 omninoque
842 3251 949 3302 nullum
971 3250 1126 3320 proelium,
1146 3270 1169 3302 v.
1182 3250 1241 3303 cte.
1255 3258 1289 3304 N.
1304 3253 1338 3302 D.

277 3324 395 3378 a,a.—-
430 3328 542 3380 quae:
562 3312 661 3382 qualia.
679 3348 709 3356 -
744 3333 800 3383 sep.
821 3317 897 3376 viris,
917 3316 1079 3369 utLucullo
1096 3317 1123 3368 in
1140 3316 1215 3368 bello
1232 3316 1340 3368 Mithri·

276 3374 423 3431 delica-
456 3377 499 3428 acl
515 3378 632 3429 obruere.
661 3380 805 3443 Perbvel,
844 3398 905 3432 uam
922 3383 1030 3436 Ernest.
1046 3380 1190 3434 delendam
1205 3382 1340 3437 censebat

195 3500 199 3507 ι
277 3437 433 3515 delevitque
450 3443 565 3508 Mean,
585 3443 672 3511 proba
686 3396 940 3518 videturigemque
960 3450 1032 3500 valet
1049 3450 1124 3518 quod
1143 3449 1240 3508 etabrn,
1253 3449 1340 3511 adco;

277 3523 386 3561 rensuum
398 3509 508 3563 Selriitu.
525 3519 602 3561 recte
617 3509 717 3564 iudicat
732 3512 773 3564 his
790 3513 900 3566 verbis:
917 3530 989 3583 quae
1006 3512 1185 3571 dormientem
1200 3513 1341 3585 guberna·

275 3581 366 3626 torem
382 3592 436 3627 uon
452 3585 557 3629 tanturn
573 3575 706 3640 turbare,
724 3577 771 3629 sed
785 3581 864 3629 etium
878 3578 1000 3633 obruere
1016 3581 1106 3651 possit.
1117 3611 1149 3622 -
1179 3581 1278 3647 posa't.
1296 3583 1341 3633 De

276 3641 413 3695 coniunct.
430 3659 536 3711 praee,
554 3642 737 3714 praecedente
755 3645 897 3716 perfecto,
921 3663 947 3701 v.
963 3647 1073 3720 Zumpt.
1088 3643 1111 3714 §.
1127 3647 1185 3711 5¹4·
1206 3645 1277 3715 Nep.
1296 3645 1342 3712 11,

278 3721 309 3756 r·
334 3720 365 3757 ιο
398 3725 420 3759 ι.

300 3746 309 3774 ’
342 3744 407 3837 §.’6.
441 3791 472 3824 ex
489 3793 517 3825 eo
529 3758 588 3843 gen.
607 3790 661 3828 soc.
678 3776 852 3830 Graecorum
866 3777 1166 3850 Asianorum,quibus
1182 3775 1253 3828 infra
1269 3773 1293 3842 b.
1309 3795 1342 3844 27

276 3837 377 3903 Afros,
397 3839 534 3908 Hispanos
553 3851 581 3893 et
596 3842 703 3908 Gallos,
725 3845 853 3897 immanes
868 3857 896 3898 et
914 3845 1048 3898 barbarae
1065 3843 1198 3908 nationes,
1215 3843 1342 3911 opponit.

275 3922 309 3945 ·-
327 3921 358 3955 er
372 3921 401 3953 eo
413 3922 509 3971 genere
526 3910 628 3959 arbium.
653 3909 725 3962 Sunt
740 3909 872 3977 Romani,
889 3921 916 3963 ct
931 3912 1009 3964 sociis
1024 3919 1212 3980 opponuntur.
1224 3940 1258 3951 -
1291 3928 1343 3961 nos

277 3975 650 4038 summ.necess.att1bgant,
672 3977 738 4046 qnia
756 3975 877 4044 ejusdem
896 3994 958 4028 curn
974 3975 1108 4028 Cicerone
1123 3974 1227 4028 ordinis
1243 3985 1343 4044 erant,

277 4049 431 4106 eorumque
454 4051 563 4091 caueam
587 4053 670 4110 saepe
689 4039 832 4095 adiuverat
850 4041 957 4096 Cicero.
982 4059 1008 4095 v.
1025 4038 1059 4094 ad
1076 4046 1134 4096 Att.
1157 4060 1186 4110 ι,
1202 4060 1246 4113 17,
1263 4058 1291 4109 q.
1308 4074 1343 4084 -
