2768 4866
522 268 586 335 ΗΒ.
605 269 638 333 ll.
677 259 794 334 bdelli.
1144 263 1195 334 98

126 452 233 523 cimus
254 453 327 519 erat
347 447 465 519 Caelio
487 449 571 518 dies.
619 448 786 517 Domitius
807 447 937 518 iudices
957 449 1002 517 ad
1022 466 1193 517 numerum

128 577 197 624 non
222 557 349 624 babuit
407 558 561 646 Vereor,
592 574 637 622 ne
662 554 761 621 horno
789 558 879 621 teter
903 558 939 620 ct
964 553 1079 641 ierus,
1108 553 1195 620 Pola

129 663 292 752 Servius,
315 663 359 730 ad
380 663 630 731 accusationem
649 661 777 728 veniat.
818 660 907 727 Nam
925 667 1039 727 noster
1056 658 1193 728 Caelius

130 770 233 838 valde
255 776 467 858 oppugnatur
487 788 509 836 a
530 773 636 858 genle
656 767 785 836 Clodia.
835 764 930 835 Certi
949 766 1033 833 nihil
1052 771 1107 833 est
1127 766 1192 833 ad-

127 876 214 942 buc:
236 877 299 943 sed
318 888 483 944 veremur.
525 875 654 942 Eodem
674 874 781 960 igitur
801 872 856 939 die
877 872 991 958 'lyriis
1008 877 1066 939 ’est
1086 890 1192 938 sena·

128 987 185 1049 tus
203 982 302 1050 datus
321 983 498 1070 frequens:
521 982 716 1069 trequentes
730 985 848 1046 contra
862 978 998 1065 Syriaci
1011 977 1192 1065 publicani.

128 1089 356 1158 Vehementer
376 1095 521 1158 vexatus
542 1088 725 1155 Gabinius:
754 1087 922 1177 exagitati
944 1093 1054 1153 tomen
1074 1103 1097 1151 a
1116 1083 1192 1150 Do·

128 1195 220 1261 mitio
241 1194 432 1281 publicani,
460 1193 547 1281 quod
567 1212 641 1260 eum
662 1195 781 1259 essent
802 1211 875 1258 cnm
897 1192 989 1278 equis
1010 1189 1192 1278 prosecuti.

129 1297 169 1369 C.
190 1304 306 1366 noster
324 1300 443 1366 Lamia
461 1299 573 1386 paullo
595 1298 763 1381 ferocius,
784 1316 881 1383 quum
895 1298 1060 1366 Domitius
1081 1298 1191 1382 dixis·

130 1412 205 1496 set,
238 1406 389 1474 „Vestra
409 1405 509 1492 culpo
529 1405 613 1471 baec
634 1404 846 1489 acciderunt,
876 1405 1007 1491 equites
1029 1405 1191 1494 Romani3
1263 1448 1268 1479 :

129 1513 294 1582 dissolute
315 1513 404 1579 euim
423 1511 623 1580 iudicatisur
645 1510 744 1577 „Nos
765 1509 965 1598 iudicamus,
985 1529 1048 1577 vos
1068 1509 1191 1577 lauda-

128 1719 253 1776 Decr'mus
275 1720 292 1779 i.
308 1739 332 1778 e.
351 1721 514 1776 constitutus
533 1718 623 1775 edicto
641 1721 794 1792 praetoris,
818 1737 876 1792 quo
897 1721 940 1774 die
957 1721 1060 1773 Caelum
1081 1737 1192 1775 causam

128 1787 164 1840 de
187 1787 211 1840 vi
233 1785 324 1842 dicere
346 1788 467 1842 debebat
481 1786 562 1860 apud
584 1797 743 1861 praetorem
764 1789 814 1843 Gn.
836 1787 1062 1842 Ahenobarbum.
1078 1819 1122 1845 ,-.
1150 1788 1191 1841 Μ.

128 1853 216 1906 custo
232 1853 321 1923 Rufo,
338 1856 439 1908 iterum
457 1862 593 1908 accusato.
627 1854 684 1907 lam
701 1864 779 1908 antes
791 1869 852 1908 au.
867 1851 917 1924 698
935 1852 970 1905 ab
988 1853 1130 1921 Atratino,
1146 1870 1192 1906 cu·

126 1919 171 1972 ius
194 1928 302 1990 patrem
326 1920 436 1974 Caelius
461 1917 495 1973 de
519 1918 623 1973 ambitu
648 1930 843 1986 accusaverat,
869 1936 935 1972 reus
955 1921 1045 1972 lactus
1069 1929 1129 1974 crat
1157 1916 1192 1972 de

129 1985 170 2054 vi,
190 1982 267 2057 quod
281 1983 406 2040 Clodiam
424 2002 529 2040 ueneno
545 1985 642 2039 tollere
662 1987 808 2050 uoluisset,
853 2003 916 2038 uum
933 1985 999 2037 baec
1014 2002 1113 2038 aurum
1135 2002 1193 2038 mu·

128 2061 208 2107 tuum
223 2052 396 2122 repetiisset,
435 2069 471 2105 uo
487 2067 583 2106 seruos
598 2050 709 2104 Lucceii
724 2051 759 2104 ad
775 2068 822 2105 cae
843 2067 886 2103 cm
900 2050 1012 2115 Dionis,
1031 2051 1112 2132 legati
1128 2052 1192 2105 Ala·

127 2116 336 2186 xandrinorum,
350 2068 516 2189 impalerct.
550 2112 629 2170 Tunc
645 2116 745 2171 Cicero
760 2133 793 2170 ea
811 2131 883 2190 quac
898 2127 986 2170 exstat
1004 2129 1127 2172 oratione
1147 2113 1192 2169 de-

127 2181 215 2239 fendit
235 2184 368 2239 Caelium.
402 2189 461 2241 lloo
477 2201 549 2237 anno
562 2201 659 2251 pou-u.
674 2200 698 2235 c.
715 2182 806 2243 denuo
828 2200 843 2236 a
861 2193 941 2253 gente
956 2181 1053 2236 Clodia
1071 2182 1192 2255 postula·

128 2258 186 2303 tur.
200 2281 233 2295 -
265 2251 318 2303 iud.
335 2251 371 2300 ud
391 2267 528 2303 numerum
547 2267 600 2301 nou
623 2250 722 2303 uulua.
758 2249 851 2327 Quum
872 2265 906 2301 eo
925 2249 984 2316 die,
1007 2266 1064 2320 quo
1082 2264 1192 2302 eanum

131 2309 184 2366 dici
202 2331 235 2368 ex
251 2314 341 2368 edicto
356 2316 494 2386 praetoris
511 2325 672 2386 oporteret,
695 2313 816 2368 iudicum
835 2315 971 2386 legitimus
985 2331 1117 2368 nurnerus
1135 2331 1191 2368 non

131 2379 253 2448 adesset,
269 2380 346 2435 irrita
362 2381 447 2437 fiebat
461 2381 613 2450 accusatio,
630 2381 768 2464 integrum
781 2391 872 2436 tamen
887 2390 948 2433 erat
965 2396 1024 2434 eam
1039 2388 1195 2448 renouare,¹

130 2443 206 2516 quod
228 2444 255 2499 in
273 2448 322 2500 bac
341 2447 426 2503 Caelii
438 2465 521 2502 causa
538 2459 651 2504 veretur
665 2448 780 2514 Cicero,
806 2457 837 2502 ut
856 2447 959 2511 verba,
981 2462 1054 2517 quae
1072 2464 1192 2518 sequun-

129 2521 192 2578 tur,
209 2511 364 2566 ostendunt.
380 2543 412 2554 -
445 2517 510 2568 Pola
523 2516 648 2577 Servius,
664 2513 714 2585 qui
726 2512 914 2567 accusationes
923 2511 1079 2578 factitabat,
1097 2528 1192 2584 quem·
1226 2551 1231 2563 .

152 2593 186 2630 ue
206 2575 241 2630 de
274 2588 335 2633 ente
350 2578 446 2634 Clodia
468 2590 515 2634 aut
533 2581 619 2653 gentis
632 2580 745 2634 Glodiaa
765 2577 991 2634 studiosissimum
1009 2576 1092 2631 fuisse
1111 2587 1192 2649 putat

161 2653 234 2698 aaut.
292 2644 333 2697 ius
348 2660 437 2718 opera
451 2651 473 2701 Δ
519 2646 561 2698 ius
574 2646 710 2712 Pulcher,
728 2647 759 2700 P.
772 2645 862 2700 Clodii
878 2645 982 2711 frater,
996 2642 1023 2695 in
1037 2643 1192 2697 accusando

130 2710 225 2762 Caelio
244 2711 283 2764 uti
293 2710 446 2784 cogitabat·
502 2711 556 2763 .ad
573 2710 624 2766 diu.
641 2712 673 2778 3,
692 2729 737 2778 ro,
753 2729 777 2767 a.
795 2745 829 2757 -
861 2711 898 2762 ud
914 2728 968 2762 occ.
984 2711 1089 2770 asaias,
1112 2722 1199 2763 accu·'

128 2775 261 2829 sationem
279 2786 409 2841 renovet,
426 2774 518 2830 denuo
532 2776 663 2831 instituat.
677 2808 709 2820 -
746 2789 852 2837 noster,
876 2775 1017 2830 Ciceronis
1030 2773 1191 2830 studiosissi-

127 2858 203 2893 mum
212 2840 335 2894 Caelium
350 2840 448 2906 luisse,
484 2851 539 2895 atet
555 2859 587 2894 ex
601 2843 749 2912 utriusque
765 2840 887 2913 epistolis
903 2851 930 2895 et
948 2857 980 2893 ex
993 2857 1038 2906 oo,
1053 2839 1129 2912 quod
1143 2842 1191 2896 trl·

128 2906 221 2960 bunos
239 2907 278 2978 pl.
296 2922 320 2959 a.
336 2924 363 2959 u.
376 2923 424 2975 poa
474 2907 538 2960 iloni
557 2907 623 2961 favit
639 2918 667 2962 et
684 2908 825 2962 Ciceronis
845 2906 1001 2960 auctoritati
1019 2907 1120 2976 paruit.
1156 2909 1191 2962 V.

127 2975 186 3026 Mil.
201 2973 244 3026 33.
257 2971 291 3025 ad
307 2976 362 3026 su.
377 2992 403 3040 7,
414 2991 436 3026 ι.
456 2976 534 3027 Brut.
547 2992 588 3046 79.
605 3006 639 3019 -
675 2976 774 3046 Tyrb‘s,
787 2974 883 3045 legatis
895 2973 970 3043 Tyro
987 2973 1090 3040 missis,
1107 2983 1138 3026 ut
1155 2970 1191 3026 de

126 3039 281 3111 publicanis
299 3039 458 3109 provinciae
467 3040 579 3110 Syriae,
595 3040 638 3094 cui
656 3041 788 3094 attributa
804 3049 864 3093 erat
875 3039 1029 3105 Phoenicia,
1041 3056 1191 3110 quereren-

128 3117 185 3160 tur.
200 3138 233 3148 -
268 3107 410 3168 Gabinius,
434 3106 483 3177 qui
500 3107 653 3176 proconsul
674 3107 771 3178 Syriae
790 3117 852 3160 anta
869 3107 1000 3160 Crassum
1020 3107 1141 3175 praefuit
1163 3115 1191 3160 et
1214 3125 1217 3132 ·

129 3171 182 3225 boe
198 3188 270 3224 anno
285 3172 398 3224 Romam
416 3171 547 3237 decessit,
563 3176 724 3226 uehementer
737 3174 885 3225 oscalutur
902 3189 917 3225 a
955 3170 1102 3239 ublica'nis,
1118 3189 1190 3242 quos

127 3237 165 3290 ab
183 3236 320 3310 exigendis
340 3237 518 3310 vectigalibus
534 3239 728 3309 impediuerat.·
757 3240 791 3294 V.
806 3238 877 3291 infra
893 3238 912 3292 l.
929 3190 953 3293 3).
970 3254 1013 3308 ep.
1028 3254 1052 3290 a.
1069 3241 1091 3306 §.
1110 3255 1134 3290 a.
1156 3235 1190 3290 de

130 3304 339 3374 prov.cons.5.
369 3306 420 3362 Dio
441 3304 459 3358 l.
481 3303 585 3376 spos.
614 3304 730 3359 Abellam
751 3307 808 3358 l.c.
827 3322 855 3376 p.
871 3304 917 3375 169
935 3321 977 3375 sq.
1000 3335 1030 3346 -
1074 3304 1190 3355 Domitio

127 3368 317 3425 Ahenobarbo
333 3372 462 3438 consulo,
479 3371 528 3442 qui
542 3387 605 3424 cnm
619 3372 709 3424 altero
723 3369 843 3424 Domitio
857 3379 1004 3441 praetore,
1021 3367 1078 3423 init.
1094 3368 1146 3421 bui,
1164 3375 1188 3438 ς.

128 3452 184 3491 uon
198 3445 238 3489 est
255 3435 473 3491 confundendus.
489 3470 520 3480 -
554 3439 699 3507 prosecuti,
714 3453 799 3519 quum
816 3436 869 3490 iret
884 3435 911 3489 in
924 3435 1103 3506 provinciam,
1120 3452 1190 3490 non:

150 3521 217 3555 uum
235 3517 268 3553 cx
286 3517 317 3553 es
339 3501 484 3557 decederet
491 3522 501 3571 3
526 3518 589 3556 nam
609 3502 725 3558 Octobri
746 3501 855 3554 demum
875 3518 967 3554 mense
984 3502 1097 3554 Romam
1117 3500 1190 3555 venit

128 3518 273 3623 gabinius.
293 3569 326 3621 V.
341 3567 410 3622 infra
426 3571 443 3623 l.
458 3570 485 3623 3.
503 3585 547 3640 cp.
560 3586 584 3622 a.
600 3601 633 3613 ι·
667 3571 694 3624 C.
710 3581 800 3622 noster
815 3569 916 3619 domuc.
951 3567 1061 3622 Scbdtu.
1074 3578 1189 3622 auctore

128 3634 255 3689 Manutio
271 3650 335 3687 rece
358 3635 377 3686 it
392 3635 421 3688 L.
437 3648 529 3687 noster
544 3636 664 3697 lamro..
678 3636 727 3707 qui
746 3634 873 3704 princeps
892 3631 1031 3704 equestris
1043 3631 1146 3693 ordinis
1161 3644 1190 3688 et

128 3701 270 3756 Ciceronis
285 3651 423 3754 stuafiosus
438 3711 514 3768 erat,
540 3718 679 3772 quemque
696 3700 829 3756 Gabinius
848 3700 944 3752 consul
958 3717 989 3752 cx
1005 3698 1077 3753 urhe
1096 3700 1190 3766 eiecit,

128 3784 214 3838 quum
237 3767 364 3821 Ciceroni
384 3763 418 3817 de
436 3767 515 3819 cxilio
533 3766 688 3820 revocando
705 3783 821 3838 oporam
837 3765 923 3819 daret.
958 3766 994 3818 V.
1014 3766 1064 3818 0r.
1081 3764 1108 3817 in
1122 3766 1188 3820 Seu.

127 3833 251 3904 p.rsd.5.
286 3833 400 3888 roSext.
412 3832 436 3887 3.
453 3830 486 3883 ad
500 3829 553 3886 div.
568 3852 608 3899 rr,
619 3834 704 3900 1⁶:17.
724 3831 1028 3909 ru,a9.adbtt.13,lb.
1045 3830 1115 3887 Plin.
1128 3833 1151 3884 b.
1162 3850 1189 3885 n.

127 3918 154 3969 7,
170 3852 290 3978 sa-ysff.
301 3902 375 3954 Max.
394 3918 423 3964 1,
438 3896 464 3952 3.
479 3930 513 3941 -
546 3915 594 3948 uos
608 3899 767 3978 iudicamus,
787 3895 892 3951 nonnisi
911 3899 1122 3979 condemnamus
1139 3907 1188 3951 aut

129 3965 354 4020 absolvimus...
395 3982 441 4016 ooo
462 3973 604 4017 senatores
625 3965 742 4015 laudatar
762 3980 839 4018 reos:
868 3979 940 4084 puos
960 3981 982 4018 sr
1004 3964 1186 4030 absolvimus,

922 4029 1055 4086 Solebant
1072 4046 1186 4083 reorum

127 4096 283 4169 periculum
303 4114 407 4151 summo
424 4095 588 4152 auctoritate
606 4095 673 4164 uiri,
689 4106 835 4168 antequam
851 4097 985 4153 sententia
1002 4096 1142 4162 ferretur,
1159 4091 1187 4148 in

128 4031 196 4102 quid
213 4029 427 4103 reprehenditis,
451 4048 537 4102 quum
556 4027 666 4083 eosdem
683 4046 731 4082 vos
748 4029 864 4084 laudetis
