2768 4866
492 248 841 309 ΗΔΗΔῊΟ.
1133 244 1200 314 VII

138 456 268 552 cuique
285 452 373 530 loco
394 452 545 527 affertur
570 448 655 542 lux,
680 457 791 547 atque
810 450 880 528 hac
899 455 1042 534 ratione
1061 451 1110 527 ad
1134 478 1218 531 ac-.

138 555 298 652 curatam
330 573 608 670 intelligentiam
640 575 818 648 nuniatm
854 578 934 651 iter.
996 577 1198 673 Quocirca,

138 697 309 799 quodem·
322 701 479 773 servam
505 695 770 770 commentandi
796 696 927 793 modo,
962 700 1053 776 nihil
1079 710 1201 778 tamen

136 816 493 933 praetermittendum
521 816 736 912 molebatur,
771 815 869 916 quod
898 820 1069 896 iuvenum
1100 847 1201 900 com·

124 943 257 1033 ‚modis
282 946 462 1020 inservire
486 945 625 1044 possit,
660 939 865 1039 seduloque
890 941 1116 1038 cavendum,
1152 971 1201 1046 ne
1279 938 1281 942 ’

136 1068 349 1143 necessario
378 1065 540 1144 destituti
570 1064 713 1141 auxifio
738 1063 990 1164 perfunctorie
1017 1075 1132 1166 agant
1164 1072 1201 1145 in

137 1193 319 1289 scriptore
333 1187 495 1289 legendo
511 1198 624 1288 atque
642 1192 680 1264 in
699 1192 801 1265 tenui
815 1192 1012 1288 ieiunoque
1029 1193 1201 1290 nequies

136 1317 223 1388 arnt
233 1314 549 1411 interpretatione.
565 1311 760 1406 Rationum
773 1313 884 1407 igitur
901 1310 1201 1390 obscuriorumve

136 1435 332 1514 verborum
357 1437 433 1510 vim
461 1441 537 1509 turn
567 1433 655 1508 aliis
675 1429 871 1507 Ciceronis
899 1437 1076 1532 (opdmns
1109 1439 1201 1513 enim

135 1563 193 1634 sui
215 1563 368 1657 quisque
386 1557 607 1654 interpres),
633 1561 707 1643 tour
731 1554 887 1631 alierum
906 1559 1119 1653 scriptorum
1140 1558 1201 1635 lo-

136 1687 191 1760 cis
222 1682 506 1772 illustravimus,
544 1685 656 1775 atque
688 1679 831 1755 omnim
861 1675 913 1753 ad
942 1682 1201 1754 sententiarum

138 1803 382 1881 difficilimum
396 1824 545 1879 murum
563 1799 823 1902 aperiendum,
839 1799 889 1876 ad
909 1804 1201 1879 constructiones
1227 1795 1231 1802 ’

135 1925 384 2028 impeditiores
403 1922 636 2020 enodandas,
659 1924 865 2021 adrerum,
887 1950 981 2024 quae
999 1947 1201 2003 memorem

127 2059 215 2146 tur,
233 2055 398 2126 naturam
418 2071 628 2148 nexumque
645 2047 936 2150 perspiciendum
954 2049 1116 2125 lectores
1139 2071 1200 2124 re·

134 2175 270 2273 ligiose
288 2176 477 2251 instituere
495 2172 636 2271 ubique-
647 2177 771 2251 conati
788 2197 922 2251 sumus.
957 2173 1001 2249 In
1018 2176 1063 2248 iis
1083 2175 1200 2273 pote-

136 2301 266 2374 nimum
279 2298 389 2374 rebus
405 2295 662 2396 explicandis,
685 2297 843 2397 qnaead
864 2296 1055 2375 historiam
1072 2303 1114 2372 et
1132 2320 1200 2375 an·
1220 2311 1223 2317 “

136 2422 324 2518 tiqnitates
347 2424 550 2520 pertinent,
571 2445 681 2520 quum
703 2425 861 2524 priorum
882 2426 1119 2520 interpretum
1141 2419 1200 2495 in—

137 2545 372 2626 eubrationes
388 2545 555 2644 aliosque
573 2544 689 2623 libros
706 2547 952 2635 recentiores,
974 2567 1012 2618 n.
1025 2564 1059 2619 c.
1075 2541 1198 2619 Aea-

136 2668 260 2742 kcm‘i
272 2697 287 2742 .·
324 2665 459 2745 Cicero
487 2674 527 2745 ia
555 2675 679 2748 aciem
703 2668 884 2768 Bricfca,
926 2664 1199 2765 diligentissime

139 2792 447 2886 consuluerimus,
465 2795 518 2869 nil
537 2816 659 2869 curam
675 2782 835 2867 nostram
854 2792 1025 2890 effugisse
1044 2785 1198 2863 confidi·

136 2937 239 3004 mus,
281 2936 352 3010 quo
385 2915 498 2990 lectio
537 2915 663 2993 harum
697 2915 929 3014 epistolarum
970 2912 1198 3010 aliquatenus

134 3035 358 3113 fructuosior
381 3039 488 3116 reddi
513 3049 652 3141 posset.
712 3038 864 3113 Etiamsi
892 3039 986 3113 enirn
1013 3059 1100 3129 eos,
1138 3037 1198 3132 qui

136 3157 186 3231 ad
209 3157 324 3235 hasce
343 3161 525 3260 legendas
543 3162 745 3258 accedunt,
768 3186 814 3238 ea
834 3164 904 3234 iam
925 3160 1100 3234 historiae
1117 3157 1197 3230 Ro-

136 3305 263 3356 manae
288 3287 499 3382 cognitione
521 3284 677 3361 imbutos
696 3310 780 3367 esse
806 3289 993 3382 oporteat,
1018 3288 1197 3355 utrorum

137 3409 399 3482 conversiones
421 3417 460 3483 et
479 3410 656 3507 graviora
676 3414 856 3483 momenta
877 3405 992 3506 probe
1018 3424 1197 3502 percepe-

135 3527 224 3620 rint,
251 3525 351 3600 multi
374 3537 494 3606 tamen
519 3555 640 3607 earum
664 3533 740 3608 loci
758 3514 968 3605 interiorem
991 3529 1197 3602 accuratio-

134 3671 282 3746 rcmque
303 3653 523 3747 antiquitatis
541 3658 729 3732 scientiam
744 3657 951 3752 requirunt,
978 3672 1081 3748 quam
1102 3672 1196 3747 quae
1231 3748 1233 3759 Ι
1318 3680 1323 3690 ·

135 3793 159 3842 a
173 3768 317 3846 lectore
334 3769 613 3851 adolescentulo
630 3780 726 3855 iuste
743 3780 860 3877 possit
873 3777 1063 3875 postulari.

217 3893 346 3971 Omnia
371 3917 508 3993 graeca
534 3896 651 3974 verba
682 3922 733 3974 ex
759 3902 973 3999 graecisque
999 3897 1101 3973 libris
1128 3894 1197 3972 de-

135 4026 320 4116 promptas
337 4022 555 4116 sententias,
578 4021 746 4099 a'l'ullio
769 4021 830 4098 hic
848 4021 923 4097 illic
940 4025 1114 4115 insertas,
1138 4019 1196 4093 la-
