2768 4866
192 245 271 314 144
309 296 312 302 -
352 249 389 311 li.
404 248 436 310 t.
457 247 641 311 CICERONIS
662 247 810 310 uersum..
833 248 881 311 AD
902 246 934 320 Q.
948 248 1118 308 FRATREM

191 427 374 518 cimmodi,
406 431 443 495 ut
468 446 537 517 ego
564 446 618 495 me
643 427 836 511 non,mnltu
857 425 1090 493 consolatione
1112 425 1262 512 quotidie

191 534 334 602 leniam:
355 533 418 603 sed
438 534 498 601 illc
518 533 583 601 erit
604 533 789 601 consolatio
806 534 971 621 maxim,
993 533 1024 597 si
1039 551 1109 598 unu
1125 531 1260 599 erimus.

194 640 295 707 Nunc
324 641 369 709 sd
393 626 454 708 ille
484 641 539 708 vel
559 643 800 730 gravissimum
820 640 952 706 accedit
973 640 1184 706 desiderium
1205 641 1260 707 tui

117 747 152 814 b.
194 744 370 813 Gabinium
391 748 442 836 si,
470 753 509 814 ut
527 749 644 814 Pensa
664 751 760 835 putet
781 748 990 834 oportuisse,
1013 744 1258 835 defendissem,

194 850 438 919 concidissent
467 853 523 938 qui
548 852 641 918 illum
670 852 813 918 oderunt
833 892 874 903 -
894 853 917 918 ii
938 855 1018 917 sunt
1038 853 1102 918 toti
1124 852 1258 918 ordines

192 993 235 1007 —-
254 961 394 1045 propter
414 975 512 1044 quem
533 957 694 1046 oderunt,
715 961 897 1045 meipsum
919 959 1256 1045 odissecoepissent.

194 1063 303 1135 Tenui
316 1083 390 1152 me,
411 1066 562 1152 utputo,
584 1065 749 1155 egregie,
768 1069 896 1133 tuntum
911 1068 948 1131 ut
963 1065 1128 1151 iacerem,
1149 1085 1255 1152 quen-

195 1174 264 1236 tum
287 1188 404 1236 omnes
424 1168 590 1236 viderent.
642 1172 744 1238 Elin
766 1174 1029 1263 omnirsummo,
1058 1175 1097 1236 ιιι
1122 1191 1257 1259 moues,

121 1278 157 1347 6.
199 1274 302 1342 valde
323 1293 376 1342 me
394 1275 438 1343 ud
457 1277 558 1342 otium
575 1295 758 1364 necemque
775 1282 948 1345 conserto.
990 1277 1043 1343 De
1056 1277 1173 1364 libris,
1191 1278 1258 1364 Ty·

195 1382 315 1449 sonnio
338 1385 392 1448 est
413 1388 588 1450 cessator:
611 1383 802 1471 Chrysippo
820 1383 947 1451 dicem:
969 1385 1031 1450 sed
1046 1403 1105 1451 res
1121 1403 1260 1471 operose

197 1493 253 1557 est
273 1493 309 1556 et
329 1488 473 1557 hominis
493 1491 743 1577 perdiligentis.
787 1488 907 1558 Sentio
926 1492 1020 1579 ipse,
1043 1492 1152 1577 quiin
1173 1511 1259 1558 sum-

196 1616 249 1664 mo
270 1595 381 1663 studio
403 1596 486 1662 nihil
519 1616 694 1684 assequor.
748 1594 801 1662 De
829 1596 959 1663 Latinis
987 1615 1090 1684 vero,
1124 1618 1191 1684 quo
1215 1617 1261 1663 me

196 1706 347 1791 vertum,
368 1705 508 1769 nescios
530 1704 577 1770 itu
597 1703 760 1769 mendose
781 1706 817 1769 et
837 1702 1027 1769 scribuntur
1042 1707 1078 1768 et
1099 1708 1260 1770 veneunt:

197 1808 259 1875 sed
283 1813 396 1888 minen
418 1809 502 1896 quod
525 1809 599 1876 lieri
613 1811 756 1896 poterit,
776 1828 841 1875 non
861 1807 1050 1896 negligam.
1093 1808 1260 1897 Crebrius,

196 1920 235 1981 ut
254 1921 335 1983 unte
356 1914 401 1982 ud
422 1921 457 1983 te
478 1916 624 2004 scripsi,
646 1916 773 1984 Romae
795 1922 871 1983 est:
903 1919 938 1981 et
959 1916 1015 2002 qui
1036 1918 1150 1983 omnic
1171 1917 1261 1983 odiu·

199 2131 256 2189 est,
273 2118 349 2189 (ideo
365 2118 447 2175 dixit:
471 2123 540 2174 sutus
556 2120 606 2172 elii
618 2121 729 2195 potant)
746 2120 794 2193 qui
811 2120 990 2186 Ciceronem,
1006 2136 1091 2192 quem
1109 2132 1212 2175 eontra
1223 2117 1259 2171 da·

198 2197 256 2241 tam
267 2185 355 2240 fidem·
366 2186 434 2257 pelli
450 2197 639 2259 presenserat,
656 2185 717 2240 ideo
735 2185 875 2241 revocavit
891 2188 926 2240 ab
941 2188 1038 2253 exilio,
1056 2196 1087 2240 ut
1105 2187 1167 2241 eius
1184 2201 1263 2259 opera

199 2271 262 2306 curn
273 2262 371 2307 senatu
388 2252 493 2307 rediret
507 2255 535 2306 in
548 2255 694 2326 gratianus
712 2286 737 2296 -
762 2255 848 2306 multa
862 2255 1051 2314 completione,
1066 2269 1157 2324 quum
1170 2270 1205 2306 ex
1215 2251 1270 2329 phi,

199 2318 324 2438 lrffoplgia
340 2328 368 2371 et
381 2318 478 2389 literis,
491 2329 550 2373 turn
564 2336 597 2374 ex
612 2320 763 2374 amicorum
779 2318 976 2374 cousuetudine
989 2320 1084 2390 petita.
1096 2353 1132 2364 -
1162 2320 1214 2372 des.
1229 2330 1266 2369 tur

200 2401 216 2438 a
238 2401 286 2438 sen
300 2401 329 2439 ιι.

268 2482 296 2546 5.
313 2476 338 2530 5.
371 2477 403 2531 C.
419 2476 518 2533 Vibius
536 2477 643 2540 Passa,
660 2479 708 2548 qui
726 2479 823 2531 consul
838 2477 890 2531 fuit
909 2495 972 2530 eum
988 2476 1094 2545 Hirtio,
1119 2493 1189 2530 enno
1202 2485 1266 2546 post

202 2541 329 2597 Caesaris
352 2559 447 2596 necem
468 2544 603 2615 prosimo.
635 2547 677 2597 De
698 2543 815 2598 Gabinio
833 2542 1005 2597 defendendo
1020 2545 1138 2598 fortasse
1152 2544 1262 2594 locutus

202 2618 263 2662 erut
280 2627 343 2662 cum
356 2608 459 2685 Quinto
478 2610 506 2662 iu
521 2609 644 2663 exercitu
659 2608 791 2663 Carceris.
809 2641 842 2653 -
875 2608 1051 2676 defendissem.
1088 2607 1126 2662 Cf.
1148 2614 1196 2674 §.s
1216 2622 1269 2677 sq.·

202 2689 247 2755 ep.
267 2676 395 2747 praeced.
411 2707 445 2719 -
463 2676 643 2736 concidissent,
659 2676 773 2755 gratiam
786 2673 925 2730 bonorum
939 2676 1032 2728 multis
1051 2673 1191 2749 praeclare
1207 2673 1263 2724 iac-

202 2750 237 2796 ιιι
251 2743 396 2795 collectam
411 2742 462 2794 hac
477 2758 531 2794 una
548 2759 579 2794 re
594 2743 782 2812 perdidissem.
797 2774 831 2786 -
857 2744 911 2793 toti
926 2742 1041 2804 orditus,
1061 2740 1179 2794 omnium
1194 2736 1267 2791 ordi-

201 2825 270 2862 num
285 2823 380 2862 omnes
395 2806 524 2863 homiues.
554 2805 648 2877 Supra
664 2825 709 2880 ep.
724 2808 749 2865 3.
766 2809 793 2862 h.
807 2809 826 2862 l.
843 2813 867 2876 ς,
880 2808 914 2860 3:
932 2807 990 2858 odic
1003 2808 1139 2877 premitur
1154 2807 1269 2858 ememus

200 2891 348 2944 generumr
375 2889 420 2945 ep.
433 2892 455 2926 ι,
479 2882 503 2942 §-
518 2875 566 2940 ads
591 2874 650 2926 odio
674 2877 793 2926 uniuersi
810 2875 905 2943 populi
922 2890 1003 2942 paene
1025 2875 1139 2949 ufflc'ctur
1165 2883 1211 2922 est.
1237 2902 1269 2912 —

199 2951 313 3013 propter
336 2956 410 3018 poem
431 2940 550 2992 oderunt.
585 2939 724 2995 Wielsud.
744 2941 784 2995 bis
800 2958 843 2993 vv.
860 2938 1021 3010 Pompeium
1037 2947 1111 2992 tecle
1124 2935 1273 3010 significari

223 3015 302 3072 ntat5
319 3003 479 3058 Billerbeclr
495 3005 630 3075 explicat:
646 3019 756 3076 propter
772 3023 850 3070 eum,
865 3023 939 3079 quem
955 3006 1086 3067 oderunt,
1103 3021 1205 3075 nempe
1221 3004 1273 3057 Gs·

198 3027 317 3126 vituium.
345 3069 458 3123 Rectius
471 3071 540 3124 haec
555 3069 694 3142 adipsum
711 3074 873 3128 Ciceronem
890 3071 978 3125 resert
992 3068 1135 3123 Manutius
1150 3080 1179 3124 et
1191 3070 1274 3122 inter·

203 3145 350 3212 pretatur:
369 3134 439 3208 equi
453 3153 497 3188 me
507 3137 588 3190 simul
600 3153 662 3190 cum
676 3138 821 3208 republica
837 3135 1022 3191 crudelissime
1041 3138 1077 3188 ab
1092 3136 1142 3188 illo
1158 3137 1273 3189 consule

204 3213 333 3259 veretum
350 3201 567 3264 recordantur.c
583 3236 616 3247 -
648 3217 777 3274 quantum
800 3221 887 3256 omnes
909 3204 1026 3254 cederent
1048 3219 1086 3257 sc.
1107 3220 1155 3256 mc
1176 3201 1272 3255 fecisse

206 3271 251 3324 vel
267 3270 358 3341 potius
376 3267 441 3320 milri
456 3265 610 3322 faciendum
626 3269 727 3336 fuisse3
749 3269 878 3323 nimirum
891 3268 1075 3322 testimouium
1092 3265 1164 3322 dlxi:
1191 3282 1273 3340 prae·

205 3347 283 3391 teres
298 3335 399 3407 quievi.
434 3335 468 3392 V.
482 3351 526 3406 ep.
542 3338 572 3416 4,
589 3342 612 3416 5.
626 3335 659 3404 33
686 3334 757 3390 infre
773 3353 817 3408 ep.
835 3337 922 3407 uiuit.
936 3368 970 3379 -
1009 3352 1049 3385 me
1066 3334 1104 3385 ad
1119 3337 1207 3387 utrum
1228 3351 1274 3404 pe·

206 3420 309 3473 remque
326 3412 465 3462 converto,
481 3398 631 3457 inimicitias
648 3404 891 3474 contentionesque
907 3401 991 3473 fugio.
1088 3454 1090 3458 ,

274 3501 299 3562 s.
315 3494 340 3548 6.
374 3495 512 3548 Celebris.
541 3499 576 3552 V.
592 3513 635 3566 ep.
649 3495 771 3551 anteced.
788 3501 811 3567 5.
825 3496 850 3550 5.
868 3527 902 3540 -
935 3506 1064 3555 cessator,
1082 3490 1207 3564 segniter
1222 3491 1276 3564 agit

207 3560 327 3615 inlibris
344 3559 579 3618 describendis-
596 3565 663 3616 nobil
676 3579 812 3634 assequor,
826 3561 914 3614 multo
931 3560 1018 3613 minus
1033 3559 1175 3613 librorum
1190 3574 1274 3629 quam

209 3627 315 3680 vellem.
334 3657 368 3670 -
400 3627 519 3679 mendose
537 3630 615 3683 scrib.
669 3626 820 3700 uodquum
832 3627 974 3681 Ciceronis
990 3636 1118 3696 temporo
1131 3624 1172 3676 ita
1188 3632 1272 3688 esset,

207 3693 308 3746 mirum
325 3703 453 3759 nonest,
476 3693 605 3749 librarios
622 3705 717 3769 postea
735 3691 891 3748 mendosius
911 3692 992 3747 etiam
1009 3690 1188 3761 descripsisse
1204 3687 1274 3744 codi-

209 3775 269 3825 ces,
287 3759 335 3831 qui
350 3769 466 3813 aetatem
480 3761 613 3819 tulerunt.
625 3794 659 3805 -
693 3762 824 3815 Crebrius.
850 3759 905 3814 Alii
920 3760 1059 3820 Cerceios,
1077 3754 1156 3827 quod
1175 3771 1276 3810 nomen

210 3824 275 3878 alibi
300 3843 364 3889 non
378 3824 487 3897 legitur.
509 3860 543 3872 -
576 3830 688 3898 scr-psi,
728 3842 778 3880 uae
798 3826 913 3898 epistola
932 3843 989 3879 nou
1008 3832 1102 3877 exstat.
1121 3853 1156 3864 -
1190 3834 1218 3874 ct
1235 3821 1280 3892 qui

210 3892 298 3943 cornia
314 3893 457 3954 adsistunt,
481 3891 672 3949 iusiurandum
692 3841 727 3947 si
752 3893 979 3948 asseverationem
995 3887 1163 4010 adiungunt,
1187 3889 1279 3940 debere

210 3958 262 4009 tidt'
273 3958 350 4008 colec
365 3961 519 4011 renuntient
537 3960 602 4013 mihi
621 3960 686 4014 dum
703 3959 816 4013 insiliis
836 3977 903 4013 sum.
935 3958 1065 4011 Fortasse
1104 3953 1220 4008 rebrins
1237 3953 1279 4007 hie

210 4021 365 4096 negotiator
380 4039 399 4097 a,
414 4022 517 4096 Quinto
533 4025 558 4079 in
577 4026 666 4080 Gallia
683 4025 817 4080 beneficia
834 4032 986 4094 occeperat.
1019 4019 1130 4076 Schlite.
1147 4019 1280 4075 coniecit:

202 4101 236 4169 ¹ct
254 4090 355 4162 qurliem
372 4091 460 4143 omneis
476 4094 595 4149 reborat
611 4093 700 4146 dedere
718 4093 787 4155 trbr';
808 4089 897 4145 valere
914 4101 939 4140 ts
956 4084 1062 4140 sentim
1080 4105 1119 4143 sc.
1138 4085 1281 4142 Crebrius
