2768 4866
198 237 253 312 oa
312 200 374 305 ln.
394 233 424 304 r.
448 241 632 307 cremone
652 241 804 309 menon.
825 242 875 307 an
898 244 929 318 o.
950 245 1121 310 amusan

115 423 150 493 3.
193 427 285 516 tiae,
305 425 422 513 inquit.
463 427 587 493 Actum
601 429 656 493 est
672 442 713 493 eo
729 423 787 495 die
803 423 906 493 nibil:
924 438 994 495 nox
1008 427 1157 498 ‹lbenit
1200 428 1272 500 Go-

195 533 378 602 mitialibus
396 532 536 622 diebus,
557 532 613 619 qui
627 530 814 615 Quirinalia
832 539 1033 625 sequuntur,
1054 537 1195 623 Appius
1215 538 1271 604 in·

195 645 402 728 terpretatur
430 660 498 707 non
525 637 678 727 impediri
709 656 750 706 se
781 638 864 727 lege
889 640 1022 728 Papia,
1058 662 1125 730 quo
1161 647 1271 714 minua

195 748 320 815 babeat
340 753 512 835 senatum,
540 751 596 836 et,
626 744 715 833 quod
738 746 883 815 Gabinio
903 753 1058 816 sanctum
1077 751 1144 840 sit,
1168 753 1268 819 etiam

196 856 273 947 cogi
301 872 346 921 ex
366 854 445 921 Kal.
466 853 568 921 Febr.
590 870 696 939 usque
718 852 763 920 ad
785 853 865 921 Kal.
885 855 986 923 Mart.
1008 856 1139 944 legatia
1162 879 1267 928 sona·

194 967 264 1030 tum
286 962 433 1049 quotidie
455 960 548 1027 dari:
570 960 620 1026 ito
638 959 952 1046 putanturss'detrudi
968 963 1102 1028 comitia
1118 965 1266 1045 inlmen·

196 1087 267 1136 sem
296 1070 465 1135 lllortinm.
516 1066 589 1136 Sed
616 1070 730 1135 tamen
759 1066 812 1133 bis
833 1069 1056 1137 comitialibus
1076 1071 1205 1138 tribuni
1222 1074 1265 1160 pl

196 1176 240 1243 de
261 1167 406 1243 Gabinio
426 1194 467 1242 se
487 1179 625 1242 acturos
646 1193 725 1242 esse
747 1176 873 1243 dicunt.
921 1175 1041 1246 Omnia
1062 1177 1212 1268 colligo,
1233 1183 1267 1245 ut

195 1284 277 1349 novi
303 1282 448 1350 scribam
477 1282 602 1368 aliquid
629 1283 673 1350 ad
695 1287 742 1350 te.
795 1279 891 1366 Sed,
923 1285 959 1349 ot
981 1281 1099 1364 vides,
1126 1301 1187 1350 res
1215 1302 1265 1350 me

116 1392 154 1461 4.
196 1389 274 1476 ipsa
303 1387 426 1457 delicit.
476 1389 596 1477 ltaque
624 1389 668 1457 ad
695 1389 938 1458 Callisthenem
965 1388 1064 1456 etad
1086 1389 1265 1456 Philistum

195 1496 319 1583 redeo,
355 1498 389 1564 in
419 1496 537 1583 quibus
567 1501 603 1564 te
628 1497 729 1564 video
760 1497 958 1564 volutatum.
1029 1495 1259 1567 callisthenes

196 1602 328 1691 quidem
361 1604 508 1692 vulgare
537 1609 573 1671 et
604 1608 719 1671 notum
749 1603 946 1691 negotium3
990 1602 1264 1688 quemadmodum

90 1864 93 1870 ,
193 1798 294 1857 iudicio
332 1801 423 1856 ubliea
436 1799 594 1857 laudatione
609 1799 767 1858 sublevare.
802 1802 842 1855 VJ
856 1799 912 1853 Cic.
927 1814 980 1871 pro
995 1796 1103 1857 Cluent.
1117 1801 1166 1868 40.
1185 1802 1268 1855 verr.

193 1869 225 1936 ὅ,
242 1870 282 1922 ab.
322 1865 673 1940 igon.tlalud.n‚19.·-
713 1882 768 1919 noe
789 1866 916 1929 dr'remr't,·
940 1873 1022 1919 nocte
1044 1865 1115 1921 enim
1141 1876 1265 1921 senatum

193 1933 298 1989 babere
313 1951 370 1995 noo
382 1933 492 1989 licebat.
1150 1936 1154 1947 “

261 2029 334 2095 Μ.
369 2026 534 2090 (toirozella,
551 2025 586 2080 dc
625 2025 707 2080 uibus
728 2046 753 2082 1.
777 2024 811 2093 ad
833 2025 967 2097 ep.3‚a.
979 2024 1035 2087 bui.
1050 2022 1119 2078 libr.
1142 2057 1177 2070 --
1212 2029 1266 2094 lego

193 2091 297 2160 Pupia,
314 2107 387 2162 quae
408 2091 589 2146 comitialibus
603 2039 721 2158 iiebus,
743 2101 770 2145 at
784 2100 843 2147 toto
858 2107 951 2146 menso
964 2089 1122 2162 Februario
1139 2092 1191 2146 nisi
1204 2109 1267 2164 per·

192 2157 272 2211 fectis
289 2168 337 2211 out
349 2156 457 2210 reiectis
471 2158 654 2228 legationibus
672 2158 730 2212 aliis
752 2157 786 2210 dc
811 2157 912 2226 rebus,
939 2166 1064 2212 senatum
1082 2156 1182 2211 baberi
1197 2167 1267 2211 veta·

194 2223 252 2277 bat.
286 2223 327 2278 ef.
344 2221 379 2276 ad
392 2220 446 2276 div.
465 2241 492 2289 1,
505 2228 538 2290 lp,
555 2244 576 2279 1.
612 2226 670 2279 Hae
685 2235 777 2278 tamen
791 2224 848 2292 lege
862 2243 890 2276 se
904 2241 957 2276 non
972 2224 1094 2292 impediri
1098 2261 1111 2286 ,
1126 2230 1266 2294 pucinanae

193 2301 315 2342 senatum
328 2289 439 2350 lubeat,
462 2306 549 2361 quum
568 2291 604 2346 ait
620 2291 744 2364 Appius,
760 2289 787 2342 id
804 2301 871 2345 tuuc
887 2290 953 2357 suit,
972 2287 1084 2359 quando
1102 2291 1211 2345 nonnisi
1231 2287 1265 2342 dc

193 2353 377 2426 legationibus
390 2366 514 2410 senatum
532 2357 661 2412 habebat.
674 2388 705 2402 -·
740 2357 850 2411 Gabinia
867 2357 937 2429 lege,
955 2354 1059 2425 Pupiae
1069 2353 1166 2432 simili,
1181 2354 1269 2410 sarrei-v

193 2429 345 2488 temerat,
371 2433 402 2473 ut
418 2440 504 2474 mense
524 2435 582 2476 toto
599 2424 748 2477 Februario
782 2423 899 2484 cotidie,
924 2424 985 2482 b.e.
1002 2419 1133 2480 omnibus
1154 2420 1264 2486 diebus,

194 2487 298 2606 auibus
317 2497 429 2543 senatus
446 2488 542 2543 baberi
596 2500 669 2557 sset,
684 2507 705 2546 a.
724 2507 773 2560 qur
787 2488 1006 2542 comitialesnon
1019 2499 1127 2554 essent,
1152 2489 1260 2541 Senatus

216 2555 371 2622 gationides
395 2556 514 2610 duratur.
576 2556 659 2628 ppiua
677 2572 745 2608 vero
762 2555 814 2606 boc
829 2555 944 2624 quotidie
961 2552 995 2605 de
1009 2552 1140 2607 omnibus
1157 2553 1255 2616 dicbus,

193 2621 250 2674 sive
266 2620 430 2686 comitiales,
453 2621 557 2692 ‘quibus
573 2631 685 2677 senatus
702 2619 800 2675 baberi
812 2637 867 2673 noo
882 2627 1008 2690 poterat,
1032 2618 1089 2678 siue
1109 2617 1253 2673 moneami-

193 2686 272 2741 tialsa
287 2697 388 2754 esseut,
402 2686 689 2758 interpretabatur.-
720 2688 790 2743 dari.
816 2685 927 2740 Sobiitu.
943 2683 977 2749 de
989 2683 1090 2738 naarai
1105 2686 1258 2739 coniectura

193 2751 293 2807 ediditr
312 2754 385 2806 dare.
401 2784 435 2797 -·
464 2757 571 2807 comitia
585 2751 768 2808 creandorum
805 2762 954 2807 raetorum.
969 2782 1003 2794 -
1018 2752 1058 2802 tis
1074 2751 1260 2811 concitantibus,

193 2819 402 2873 sax·Februarii
423 2819 640 2874 meusis'.‹liebus
659 2769 857 2886 comitialiius5
905 2817 987 2873 uibus
1007 2826 1135 2893 senatum
1160 2817 1262 2880 babere

193 2884 308 2938 volebat
329 2886 445 2963 appius.
460 2918 505 2964 --⁴
533 2889 635 2966 tribuni
646 2886 703 2955 pl,
722 2886 838 2944 maxime
855 2885 885 2940 C.
932 2883 1060 2950 ammius,
1079 2884 1129 2953 qui
1149 2900 1215 2964 suum
1229 2880 1262 2935 ds

126 2991 128 2994 ⁴
193 2948 886 3091 tibillltlsstlll'blilltPilati
901 2951 1265 3088 llilloinfflii'tolf

193 3099 256 3136 nem
273 3083 510 3156 promulgaturos.

260 3178 284 3244 §.
300 3175 323 3241 4.
357 3175 442 3227 redeo.
458 3173 568 3228 Delsvit
584 3175 610 3228 11.
622 3195 648 3228 v.
659 3176 770 3230 Sobiita.
785 3176 819 3228 de
832 3176 935 3230 Mureti
950 3175 1092 3238 sententie,
1105 3175 1151 3228 cui
1161 3176 1262 3244 (Varr.

192 3239 268 3294 lectt.
283 3257 314 3309 o,
332 3241 369 3308 5.)
392 3242 444 3294 boc
467 3241 583 3294 verbum
598 3253 756 3313 suspectum
771 3243 871 3310 fiebat,
887 3260 974 3314 quum
992 3242 1019 3294 in
1036 3242 1097 3294 cod.
1110 3241 1262 3295 invenisset

192 3307 267 3358 ordeo
285 3324 338 3378 pro
355 3308 440 3360 redeo.
474 3307 586 3361 Etiamsi
604 3309 739 3380 usquein
756 3309 805 3361 bac
827 3325 917 3379 nequa
934 3308 961 3360 in
977 3307 1124 3378 superiore
1142 3307 1262 3378 epistola

194 3373 366 3428 Callisthenis
383 3383 411 3427 et
427 3373 532 3428 Philisti
548 3375 648 3429 mentio
661 3377 723 3442 fiat,
741 3376 921 3429 tamenredco
935 3375 1042 3427 servari
1059 3374 1176 3445 poterit,
1195 3376 1261 3444 quia

192 3438 311 3493 fortasse
327 3441 378 3493 alia
396 3442 527 3512 epistola,
545 3457 620 3513 quae
631 3458 686 3495 noe
701 3451 803 3506 exstat,
821 3443 933 3510 Marcus
948 3436 982 3492 de
995 3438 1105 3493 duobus
1120 3440 1162 3492 bis
1176 3440 1261 3492 bisto-

193 3504 258 3558 rioia
275 3508 386 3560 locutus
404 3518 472 3561 erat.
506 3507 544 3560 V.
561 3506 641 3560 etiam
660 3509 768 3570 Manet.
784 3506 819 3558 ad
836 3506 862 3558 b.
878 3509 897 3560 l.
919 3536 950 3548 -
984 3507 1156 3558 Callisthenes
1175 3506 1261 3576 Olyn-

192 3569 283 3636 thius,
299 3573 456 3627 Aristotelis
470 3572 536 3626 disci
559 3573 638 3637 olus,
655 3571 804 3628 Alexandri
818 3586 926 3637 comes,
942 3570 1052 3644 scripsit
1066 3569 1099 3624 de
1113 3571 1201 3624 rebus
1216 3580 1260 3645 'ge-

193 3636 241 3690 stia
254 3637 405 3692 Alexandri
421 3641 461 3693 M.
481 3650 509 3693 et
531 3591 661 3694 ionicum
677 3638 781 3692 bellum
825 3640 863 3693 V.
879 3635 916 3689 de
929 3648 1000 3691 orat.
1016 3653 1048 3698 a,
1069 3639 1105 3702 ¹i·
1131 3638 1262 3702 Tusci,

195 3719 234 3755 ro.
250 3701 332 3757 divin.
350 3705 444 3772 ι,34;
463 3723 492 3774 a,
508 3710 548 3760 25.
563 3704 598 3757 ad
615 3705 667 3758 div.
682 3706 713 3774 5,
731 3722 769 3758 ra.
791 3706 871 3758 Gurt.
887 3703 918 3772 8,
934 3706 957 3758 ὁ.
973 3705 996 3758 8.
1030 3704 1157 3756 Pbilistua
1176 3705 1261 3773 Syra·

194 3768 301 3836 eusius,
325 3771 448 3842 Dionysii
460 3771 704 3835 familiarissimus,¹
723 3772 801 3824 cuins
823 3779 919 3824 contra
935 3772 1051 3823 Dionem
1069 3778 1164 3840 partes
1182 3786 1261 3823 seon·

193 3846 254 3901 tus,
279 3837 401 3889 exercitu
425 3838 468 3891 cui
489 3849 619 3906 praeerat
639 3835 768 3906 devicto4‘
788 3836 928 3890 aeivibus
948 3837 1005 3890 suis
1025 3834 1187 3888 interfectus
1210 3845 1261 3890 ost.

194 3901 312 3973 Scripsit
326 3899 360 3954 de
374 3903 459 3957 rebus
472 3903 571 3967 Siculis
587 3904 675 3958 libros
689 3905 751 3972 xl„
768 3904 805 3956 V.
822 3901 855 3955 de
872 3913 943 3956 orat.
957 3919 988 3968 a,
1006 3902 1044 3955 13.
1062 3903 1141 3955 Brut,
1160 3920 1198 3970 ¹7·
1217 3902 1259 3956 852

194 3967 274 4024 divin.
292 3986 315 4035 1,
331 3983 373 4021 ao.
392 3967 472 4023 Diod.
490 3970 545 4024 Sic.
562 3971 581 4023 l.
600 3970 637 4024 13.
652 3989 680 4042 p.
696 3969 745 4023 615
760 3968 879 4024 Wassel.
898 3999 931 4012 -
963 3967 1125 4029 volutatem,
1148 3967 1261 4020 assidue

194 4043 342 4089 versatum.
359 4065 393 4079 -
432 4036 545 4100 uulgare
563 4047 589 4086 et
603 4048 696 4087 notum
712 4036 856 4103 negotium,
890 4035 932 4086 De
950 4048 1004 4085 usu
1024 4048 1048 4086 v.
1066 4035 1203 4099 negotium
1224 4033 1260 4087 cf.

193 4099 228 4152 ad
243 4105 301 4156 Art.
318 4118 345 4170 r,
365 4116 409 4156 rar
436 4100 574 4154 »Teucris
591 4100 760 4170 illalentum
782 4115 847 4152 sane
869 4097 1045 4170 negotinma3
1066 4107 1130 4169 post
1147 4097 1208 4153 red.
1230 4098 1259 4153 in
