2768 4866
527 275 589 337 LlB.
610 275 642 337 ll.
683 275 735 338 ΕΡ.
756 277 775 336 l.
1139 271 1194 340 87

129 459 320 549 Servilius,
352 458 398 525 Μ.
421 456 602 542 Lucullus,
624 456 794 546 Lepidus,
817 458 1010 549 Volcatius,
1032 458 1191 550 Glabrio,

130 570 318 655 praetores.
360 562 454 632 Sane
474 563 671 650 frequentes
693 563 831 631 suimus:
853 567 983 633 omnino
999 565 1043 634 ad
1060 566 1201 634 ‹lucen--

126 679 191 741 tos.
242 671 434 741 Commorat
453 672 743 758 exspectationem
767 669 895 757 Lupus.
943 672 1030 762 Egit
1056 690 1192 741 causam

127 781 206 870 agri
228 778 392 865 Campani
412 795 497 845 sane
517 783 688 845 accurate.
740 777 886 844 Auditus
913 783 967 846 est
995 797 1118 867 magno
1139 782 1191 846 si-

125 888 239 955 lentio.
289 884 466 952 Materiam
491 885 542 951 rei
570 902 638 950 non
664 886 818 979 ignoras.
869 885 966 953 Nihil
995 904 1040 954 ex
1065 889 1191 953 nostris

132 991 322 1061 actionibus
341 990 576 1078 praetermisit.
625 991 776 1057 Fuerunt
794 989 947 1057 nonnulli
968 990 1078 1058 aculei
1096 991 1132 1058 in
1152 991 1192 1062 (l.
1266 1072 1270 1084 ¹

128 1097 329 1183 Caesarem,
346 1092 568 1163 contumeliae
582 1096 617 1161 in
631 1093 795 1187 Gellium,
813 1095 1103 1183 expostulationes
1118 1115 1193 1163 cum

132 1203 275 1271 absente
294 1201 465 1288 Pompeio.
509 1199 625 1269 eausa
645 1220 724 1270 sero
744 1207 921 1291 perorata,
942 1204 1132 1271 sententias
1153 1222 1194 1270 se

130 1313 325 1397 rogaturum
343 1310 507 1397 negavit,
528 1326 573 1374 ne
593 1308 682 1394 quod
704 1327 790 1375 onus
809 1309 987 1376 simultatis
1008 1306 1105 1376 nobis
1126 1310 1191 1376 im-

127 1420 279 1503 poneret.
320 1416 376 1485 Ex
391 1415 599 1501 superiorum
612 1420 795 1502 temporum
809 1413 971 1482 conviciis
984 1421 1075 1484 etex
1089 1434 1191 1503 prae-

127 1524 216 1589 senti
238 1522 396 1606 silentio,
418 1519 497 1605 quid
518 1526 657 1586 senatus
678 1521 839 1610 sentiret,
862 1540 902 1588 se
922 1522 1116 1611 intelligere
1138 1526 1191 1592 di-

128 1633 189 1697 xit.
224 1631 266 1695 ln
285 1628 344 1694 illo
363 1628 473 1713 coepit
491 1626 667 1694 dimittere.
710 1626 794 1693 Tum
810 1627 1046 1717 Marcellinus,
1068 1631 1192 1719 „Noli,
1283 1716 1287 1720 ὓ

128 1735 257 1824 inquit,
279 1753 323 1799 ex
343 1733 572 1800 taciturnitate
592 1738 729 1821 nostra,
750 1734 865 1824 Lupe,
889 1735 967 1823 quid
988 1740 1047 1803 aut
1067 1736 1192 1825 probe-

129 1861 204 1909 mus
220 1840 285 1908 hoc
303 1845 451 1927 tempore
467 1846 526 1906 aut
539 1841 780 1932 improbemus,
795 1841 955 1923 iudicare.
989 1844 1087 1933 Ego,
1105 1844 1215 1954 quod·

130 2006 159 2061 P.
172 2007 299 2058 Seruilius
318 2004 470 2072 Isauricus,
488 2003 587 2057 consul
602 2018 626 2059 e.
638 2020 666 2058 u.
680 2002 730 2072 675
744 2020 808 2055 curn
821 2002 915 2073 Appio
930 2000 1047 2056 Claudio
1060 2003 1194 2063 Pulchro,

129 2081 210 2142 pater
228 2070 287 2124 eius
305 2072 354 2189 pai
370 2086 468 2126 novem
484 2069 560 2124 aunis
574 2078 638 2147 post
655 2085 717 2122 cum
734 2069 765 2123 G.
782 2069 901 2147 peceare
916 2068 1089 2123 consulatum
1103 2069 1193 2143 gessit.

130 2169 163 2182 -
181 2138 217 2189 M.
231 2137 306 2191 Lucu
319 2139 360 2188 lus
378 2147 420 2190 est
436 2128 475 2190 M.
492 2139 638 2189 Terentius
656 2135 695 2188 M.
711 2136 742 2187 F.
758 2135 914 2187 Lucinianus
932 2135 1026 2188 Varro
1041 2135 1193 2203 Lucullus,

129 2204 228 2257 consul
244 2218 267 2254 a.
283 2221 309 2255 u.
329 2202 375 2257 681
395 2219 458 2255 cum
474 2201 505 2255 C.
522 2201 625 2255 (tassio.
641 2234 674 2245 -
708 2198 818 2252 Manius
834 2199 965 2253 Aemilius
982 2201 1111 2268 Lepidus,
1130 2219 1192 2255 con·

130 2269 175 2322 sul
192 2284 218 2324 a.
234 2287 262 2322 u.
277 2268 327 2322 688
343 2286 405 2321 curn
419 2269 451 2321 L.
470 2266 590 2319 Volcatio
605 2266 697 2323 Tullo.
712 2300 746 2312 -
779 2264 827 2318 Μ’.
839 2265 942 2319 Acilius
957 2266 1077 2327 Glabrio,
1094 2268 1193 2321 consul

129 2351 154 2390 a.
171 2353 198 2388 u.
215 2335 265 2402 687
284 2352 348 2387 cum
367 2334 399 2387 G.
413 2332 567 2403 Calpurnio
584 2331 693 2387 Pisone.
712 2365 744 2374 -
776 2342 925 2399 praetores,
941 2347 1036 2386 omues
1051 2333 1193 2388 affuerunt

130 2398 250 2470 ideoque
268 2399 403 2453 neminem
425 2415 459 2451 cx
477 2397 509 2451 iis
526 2397 682 2452 nominavit.
724 2399 851 2450 Fuerunt
870 2405 962 2449 autem
982 2400 1041 2451 turn
1058 2401 1193 2471 temporis

128 2467 240 2520 omnino
257 2476 328 2520 octo.
362 2482 389 2519 v.
405 2466 512 2520 Manat.
530 2461 564 2516 ad
583 2464 611 2520 h.
625 2463 646 2518 l.
665 2497 699 2508 -
728 2460 864 2533 frequent,
870 2461 995 2529 suimus:
1013 2482 1082 2521 omn.
1097 2469 1134 2517 ud
1148 2467 1194 2518 du·

128 2544 236 2592 centos,
253 2531 302 2603 qui
309 2530 466 2601 frequentes
483 2529 659 2584 nominantur
676 2547 733 2583 non
750 2543 783 2580 ex
798 2529 920 2580 universi
934 2539 1044 2584 senatus
1058 2548 1192 2599 numero,

129 2597 176 2652 s'ed
185 2596 342 2668 frequenter
358 2606 389 2651 ut
405 2612 498 2650 mense
515 2594 688 2663 Decembre,
714 2609 771 2667 quo
790 2593 868 2646 multi
884 2603 1027 2649 senatores
1042 2597 1131 2650 Roma
1149 2613 1193 2650 ex·

129 2660 230 2718 cedere
248 2662 382 2717 solebant.
415 2663 485 2716 Nam
503 2678 546 2732 ep.
563 2660 596 2714 ad
612 2664 670 2720 Att,
689 2680 717 2726 1,
735 2662 773 2727 14.
795 2659 904 2714 affuisse
919 2662 967 2726 4ιὸ
982 2671 1010 2715 et
1025 2661 1053 2713 in
1070 2679 1112 2715 or.
1124 2673 1194 2781 ¹post

130 2725 192 2785 red.
205 2728 234 2782 in
250 2745 307 2783 seu.
325 2745 363 2781 ro.
379 2730 429 2796 4¹7
445 2725 518 2782 dicit.
530 2760 561 2772 -
595 2729 626 2781 P.
633 2728 752 2780 Rutilius
769 2725 875 2795 Lupus,
891 2726 1021 2781 tribunus
1037 2728 1076 2799 pl.
1095 2732 1142 2797 (c.
1159 2726 1194 2780 ad

130 2793 185 2848 (liv.
202 2812 229 2862 r,
244 2813 274 2862 r,
289 2794 322 2861 33
346 2810 379 2855 a,
394 2799 433 2862 a.)
457 2802 580 2847 senatum
601 2801 817 2858 convocaverat,
842 2802 881 2846 ut
894 2803 989 2864 ageret
1005 2809 1115 2847 causam
1131 2797 1197 2862 agri

132 2863 266 2927 Campani.
310 2863 341 2914 C.
359 2861 462 2938 Caesar
480 2859 551 2938 enirn
568 2858 597 2912 iu
614 2858 760 2913 consulatu
776 2856 864 2934 legem
883 2875 917 2937 ro
937 2869 1048 2927 averet,
1074 2869 1107 2940 ut
1127 2875 1194 2940 ager

131 2926 304 3008 Campapus,
332 2935 359 2980 et
377 2943 425 3009 qur
466 2925 674 3004 ublrcusnerat,
702 2934 730 2977 et
749 2939 798 2995 qur
816 2922 1013 3004 ppssrdeflatur
1030 2935 1193 3006 sputatus,

128 2990 206 3063 plebi
221 2990 393 3070 divideretur
401 2989 571 3070 ,lduvrsutque
584 3008 642 3070 ipre
656 2990 755 3070 conarri
767 2987 908 3060 publicam
922 3007 980 3045 erus
995 3008 1054 3066 agri
1067 3002 1193 3065 partem3

129 3057 270 3129 reliquum
286 3072 302 3109 a
320 3066 435 3129 privatus
454 3072 506 3110 emr
523 3072 639 3128 pecunia
654 3057 768 3130 publica
782 3054 939 3126 oportebat.
973 3059 1079 3113 Contra
1094 3059 1147 3112 hoc
1165 3057 1194 3111 in

127 3135 227 3204 senatu
244 3123 393 3204 disputavit
408 3125 515 3195 Lupus.
557 3124 600 3180 ef.
621 3123 654 3175 ad
679 3121 732 3179 dir.
751 3140 782 3190 r,
797 3138 829 3190 9,
853 3124 878 3203 b,
890 3123 957 3180 8.·5.
969 3141 998 3207 9,
1030 3125 1131 3177 Alelen
1150 3123 1194 3177 ci-

127 3205 238 3308 titini
252 3188 519 3310 illiniti:
535 3193 642 3310 illiti.
656 3206 697 3300 ⁸11:
713 3223 757 3306 ’ξω
771 3191 1193 3309 ἱῖῗέῑῗ’ἔ8.”ἷὲἐᾱέ,ῑῑὲ”ἐῗὲἑῗ8

129 3335 202 3397 qpac
220 3335 331 3392 egeram
350 3321 464 3389 consul,
492 3336 527 3373 ne
543 3336 610 3395 ager
625 3322 783 3392 Campanus
801 3321 832 3379 Ρ,
851 3320 960 3398 Servilii
977 3320 1054 3374 Rulli
1069 3319 1131 3392 lege
1150 3295 1194 3372 vaf

128 3394 210 3463 npret.
227 3417 260 3428 -
293 3388 325 3439 L.
341 3389 469 3466 Gellium,
487 3390 536 3460 qui
552 3405 577 3440 a.
595 3405 622 3442 u.
637 3388 685 3442 682
704 3402 767 3439 curn
783 3385 834 3440 Cn.
848 3386 979 3440 Cornelio
994 3386 1114 3439 Lentulo
1131 3386 1193 3439 Clo·
1256 3442 1259 3447 ,

128 3450 211 3528 urano
229 3451 327 3503 consul
342 3454 412 3520 iu1t3
438 3451 491 3506 vrd.
512 3451 547 3505 ad
562 3458 620 3507 Att.
636 3454 714 3532 4,.3)
729 3468 753 3508 n.
770 3480 803 3494 —
843 3451 979 3521 Pompeio,
1004 3468 1063 3522 quo
1081 3467 1194 3529 consen3

128 3525 213 3569 trente
228 3532 294 3594 ager
310 3518 465 3589 Campanus
482 3533 499 3572 a
515 3519 636 3573 Caesare
651 3518 753 3573 divisus
771 3526 821 3571 est.
836 3548 867 3559 -
900 3518 1012 3571 absente.
1031 3516 1138 3573 Aberat
1152 3535 1194 3570 rer

127 3582 327 3663 frumentariae
348 3599 446 3651 causa,
467 3602 493 3638 v.
512 3583 622 3665 adnitt.
644 3589 686 3663 4,ὶ
703 3603 713 3636 ι
752 3586 769 3640 6
786 3603 826 3654 sq.
843 3613 876 3624 -
916 3585 1057 3634 sententiar
1079 3602 1107 3635 re
1125 3601 1186 3653 rog.

128 3648 261 3765 Senatupin
278 3656 362 3729 rgrtur
384 3648 506 3764 babbebat
526 3653 655 3731 tribunus
675 3624 770 3768 pleb„
801 3653 836 3707 dc
854 3665 960 3767 quolr.
980 3646 1014 3700 ad
1039 3657 1065 3718 ς.
1078 3665 1193 3769 εἷος..-

127 3733 160 3766 ..
179 3732 229 3785 u
266 3732 307 3795 u·
400 3731 712 3836 naucurt.
725 3724 1192 3840 aaran.”eluatur

126 3779 269 3924 appungunt
279 3798 318 3902 (1181
334 3797 409 3925 rw
424 3845 565 3913 Campano
587 3845 732 3909 dividendo
754 3860 875 3922 egerant·
888 3879 920 3888 —
955 3850 985 3900 nr
1000 3847 1046 3899 illo
1064 3847 1081 3903 i.
1096 3864 1121 3904 e.
1138 3849 1191 3901 hoc

127 3908 218 3990 ducto.
254 3913 275 3965 is
292 3911 393 3967 verbus.
427 3913 457 3965 In
473 3912 536 3992 illo,
557 3911 632 3991 quod
651 3909 713 3966 cod.
731 3914 798 3988 Reg.
817 3913 891 3990 apud
909 3911 1113 3999 Orellvhabct,
1136 3931 1190 3984 pro

125 3974 192 4056 leb
209 3976 398 4049 reponendum
413 3992 490 4046 etse,
509 3994 560 4031 narn
577 3975 683 4032 viderat
699 3979 804 4059 Manat.
820 4017 854 4031 -.
886 3980 1075 4059 Marcellmcr,
1092 3978 1189 4032 consul

126 4040 345 4176 {iglgnuttiusn'rot
358 4042 516 4183 ἒὲἰψῇἒιιη4,
531 4061 562 4114 a,
576 4048 610 4114 43
627 4046 658 4114 3,
673 4044 705 4113 33
730 4045 792 4104 rdeo
809 4051 915 4123 primus
932 4056 1094 4104 senteutiam
1110 4060 1188 4116 roga-
