2768 4866
277 265 353 337 ¹48
433 271 470 337 ll.
486 269 517 330 Τ.
536 263 718 330 nicanorus
736 264 887 330 telsion
907 267 957 329 ll)
977 269 1009 340 0.
1027 267 1199 330 FRATREM

277 452 408 520 reseres
434 449 578 517 animum
603 451 696 514 tuum
723 446 769 514 ad
795 446 958 514 rationem
987 452 1024 514 et
1050 451 1179 515 ueteris
1211 451 1338 518 consilii

270 558 384 628 nostri
404 561 440 623 et
460 555 552 643 spei,
571 554 707 622 facilius
726 554 811 620 istos
832 556 971 622 militiae
990 555 1127 623 labores
1145 560 1337 644 ceteraque,

277 684 364 755 quae
383 669 419 732 te
439 662 630 750 otiendont,
657 661 773 728 {erese
802 665 839 728 et
859 664 990 750 tamen,
1018 681 1116 749 quum
1136 663 1258 748 voles,
1280 663 1336 731 de-

276 791 396 862 pones.
444 769 519 839 Sed
543 771 616 837 eius
637 769 688 835 rei
707 769 882 836 maturitas
902 768 1090 855 nequedum
1110 770 1208 836 venit
1229 774 1267 837 et
1286 775 1334 836 ta·

201 877 235 946 2.
276 878 439 946 menium
460 867 717 963 appropinquat.
767 875 881 943 Etiam
906 876 991 943 illud
1018 880 1054 941 te
1081 875 1269 966 admoneo,
1299 895 1336 941 ne

276 983 356 1073 quid
376 983 453 1050 ullis
474 982 583 1048 literis
604 980 811 1071 committas,
832 983 920 1070 quod
940 984 972 1049 si
991 983 1157 1071 prolatum
1178 983 1246 1068 sit,
1265 1003 1332 1048 mo-

274 1093 366 1160 leste
391 1089 550 1157 teramus.
601 1086 708 1154 ltlulta
735 1096 835 1172 sunt,
862 1107 948 1176 quae
974 1107 1043 1178 ego
1071 1091 1207 1156 nescire
1236 1092 1333 1180 malo,

225 1265 227 1268 Α
277 1216 379 1286 quam
396 1195 611 1282 cum-aliquo
639 1192 787 1281 periculo
814 1195 887 1262 lieri
914 1197 1049 1263 certior.
1101 1197 1207 1262 Plura
1235 1197 1279 1263 sd
1305 1202 1333 1262 te

275 1323 386 1373 vacuo
400 1304 510 1371 animo
526 1301 692 1388 scribam,
714 1304 833 1390 quum,
853 1305 892 1366 ιιι
906 1319 1027 1388 mero,
1048 1319 1089 1370 se
1104 1299 1231 1370 Cicero
1248 1322 1333 1368 meus

276 1409 367 1476 belle
387 1409 535 1476 babebit.
587 1408 641 1477 Τιι
660 1407 763 1475 velim
784 1423 903 1492 cures,
931 1409 969 1471 ut
989 1406 1114 1492 sciam,
1135 1407 1260 1493 quibus
1280 1426 1333 1473 nos

278 1519 360 1585 dare
381 1521 536 1605 oporteat
556 1532 637 1602 eas,
658 1531 741 1602 quas
760 1510 805 1579 ad
824 1517 859 1579 te
876 1510 998 1578 deinde
1015 1510 1134 1580 literas
1151 1516 1332 1580 mittemus:

274 1624 482 1694 Caesarisne
503 1621 709 1708 tabellariis,
735 1624 774 1686 nt
792 1620 824 1684 is
844 1617 891 1683 sd
910 1622 946 1684 te
964 1620 1118 1706 protinus
1138 1621 1273 1711 mittat,
1298 1642 1332 1689 au

275 1732 439 1821 labieni,
470 1730 526 1816 ubi
553 1730 642 1796 enim
661 1726 721 1792 isti
739 1726 810 1791 sint
829 1723 952 1792 Nervii
970 1732 1007 1792 et
1027 1745 1126 1813 quam
1145 1727 1260 1817 louge
1279 1729 1332 1795 ab·

202 1828 236 1900 ii.
273 1839 365 1927 e‘uut,
384 1838 511 1904 nescio.
563 1835 616 1901 De
636 1834 763 1900 virtute
784 1836 821 1898 et
840 1835 1015 1920 grevitme
1035 1832 1226 1925 Caesaris,
1249 1856 1332 1925 quan

272 1946 459 2013 insomnio
481 1940 600 2010 dolore
620 1940 848 2028 adhibuisset,
869 1959 1026 2029 magnam
1046 1959 1091 2008 ex
1110 1943 1333 2030 epistolatus

274 2052 394 2138 eccepi
408 2037 626 2134 uoluptatem.
669 2046 766 2130 Quod
779 2063 834 2116 me
846 2049 1034 2114 institutum
1049 2048 1093 2145 ud
1114 2049 1212 2118 illum
1228 2058 1330 2140 poena

276 2158 373 2226 iubes
394 2157 576 2246 perficere,
597 2156 664 2222 etsi
685 2155 856 2223 distentus
877 2175 976 2242 quum
997 2175 1117 2246 opera,
1138 2159 1212 2225 tum
1234 2163 1331 2228 amno

274 2283 352 2331 aum
373 2263 630 2354 multomagis,
662 2269 775 2351 tomen
800 2266 956 2352 quoniam
983 2267 1217 2357 ex‘epislola,
1246 2283 1338 2356 quam

276 2370 324 2438 ad
344 2374 379 2436 te
399 2371 573 2461 miseram,
594 2366 758 2461 cognovit
777 2371 908 2442 Caesar
928 2389 981 2441 me
996 2372 1121 2460 aliquid
1132 2391 1222 2441 esse
1237 2393 1338 2441 exor-

272 2497 370 2564 sum,
396 2482 550 2544 reuertar
570 2478 616 2545 sd
635 2481 844 2571 institutum,
872 2480 972 2567 idque
992 2479 1163 2567 perficiant
1181 2481 1234 2548 bis
1253 2499 1337 2568 sup-

237 2593 240 2598 '
276 2572 492 2676 plic‘ationum
519 2588 637 2654 otiosis
664 2586 804 2655 diebus:
831 2574 957 2674 ⁸quibus
976 2585 1160 2656 Messalam
1184 2587 1247 2653 iam
1267 2603 1332 2651 no·

276 2790 352 2862 Epp.
369 2789 402 2843 ed
416 2792 449 2867 Q.
467 2791 518 2856 fn,
540 2805 623 2863 quem
639 2790 667 2846 in
681 2793 705 2846 E
727 2811 754 2863 p.
771 2791 805 2846 ad
820 2795 844 2846 F
845 2809 897 2857 am.
931 2789 1050 2845 Omnino
1066 2787 1225 2843 sanissimus
1240 2795 1281 2840 est
1296 2784 1339 2838 bic

277 2855 376 2922 locus,
392 2867 419 2908 et
433 2867 495 2910 unte
509 2858 598 2910 sunnia
615 2857 662 2912 illu
677 2877 692 2910 a
727 2862 860 2912 iacturam
874 2869 1013 2910 seruentur
1027 2866 1132 2909 rectam
1147 2846 1276 2908 redolent
1289 2850 1341 2904 Ln-

277 2920 440 2978 tinitotem.«
457 2953 490 2964 —-
523 2923 623 2991 reseres
637 2929 753 2977 coemam
769 2935 844 2976 taam
858 2925 895 2975 ed
905 2925 1035 2975 romonem
1049 2947 1082 2971 =
1099 2919 1233 2993 cogitabis
1250 2916 1284 2971 de
1299 2934 1341 2970 ra·

278 2986 362 3040 tione.
381 3017 412 3031 -
446 2989 555 3059 depones
571 2990 638 3042 baec
653 3007 755 3056 onere,
772 2991 799 3042 in
818 2990 916 3044 urbem
929 2988 1021 3041 redire
1036 2988 1085 3040 tibi
1099 2985 1204 3041 licebit.
1223 3017 1256 3028 -
1290 2987 1343 3036 eius

278 3054 473 3115 refractario,
488 3065 678 3126 opportunum
695 3054 824 3110 decessus
841 3075 862 3110 s.
880 3053 984 3108 reditus
1001 3055 1041 3106 tui
1058 3064 1177 3123 tempus.

345 3127 371 3189 s.
390 3134 413 3172 s.
442 3122 593 3189 prolatum,
608 3119 788 3192 divulgatum.
820 3121 938 3198 Quintus
956 3118 1059 3191 aliquid
1074 3117 1221 3189 scripsisse
1235 3113 1340 3169 videtur

277 3184 307 3238 in
321 3184 467 3256 superiore
481 3186 527 3239 ills
541 3185 672 3304 epistole,
689 3187 765 3260 quod
779 3189 898 3255 Cacsar,
914 3187 936 3240 si
948 3196 1056 3254 nosset,
1071 3185 1188 3238 moleste
1202 3184 1281 3237 serre
1296 3199 1341 3254 po·

277 3251 372 3304 tuerit.
388 3282 423 3296 -
458 3255 579 3321 periens
600 3263 704 3312 nostro.
723 3287 755 3300 -
793 3272 878 3306 vacuo
895 3257 973 3306 saeba.
990 3270 1028 3305 sc.
1043 3251 1125 3305 curis.
1144 3283 1178 3296 -
1221 3249 1287 3300 balle
1301 3250 1341 3299 luo-

278 3317 357 3379 dsbit,
372 3315 474 3371 bonurn
487 3314 668 3373 valetudinem
680 3319 867 3392 recuperabit.
879 3349 911 3361 -
931 3318 1044 3371 Labeoni.
1061 3317 1114 3371 Alii
1121 3316 1248 3377 Labieno,
1261 3330 1341 3385 quero

278 3383 422 3436 lectionem
440 3403 463 3437 v.
479 3387 573 3458 quibas
588 3382 648 3457 (noa
664 3387 729 3439 dara
744 3386 878 3462 oporteat)
892 3385 982 3438 refelli
999 3393 1093 3436 monet
1108 3382 1197 3436 Orell.
1212 3392 1249 3426 -·'
1280 3381 1341 3432 lver-

279 3449 432 3504 oiiGailine
447 3453 560 3522 populi,
582 3453 610 3505 in
626 3454 737 3524 regione
751 3468 822 3522 quac
845 3449 924 3504 bodie
940 3453 1089 3523 Hennegau
1110 3457 1245 3514 vocatur,
1266 3443 1340 3516 apud

280 3515 481 3634 qnosffuiutua
495 3527 563 3637 papo
580 3516 751 3572 hibernabat.
781 3518 815 3571 V.
835 3518 914 3571 Caes.
928 3517 945 3571 l.
962 3534 985 3570 c.
1003 3546 1035 3560 -
1069 3515 1220 3568 dictatorie.
1247 3511 1283 3565 V.
1299 3528 1341 3564 su·

316 3595 331 3632 u
432 3623 439 3639 .
471 3621 479 3635 .
515 3625 521 3638 .
547 3621 555 3636 .
590 3626 596 3640 ,
627 3624 633 3637 .
1131 3604 1134 3607 ·
1249 3617 1260 3639 .

280 3597 379 3766 megi,
391 3599 429 3702 ΞΡ
452 3585 595 3768 Vesaappab
612 3601 756 3768 :tiodorecpb
771 3658 888 3764 mortcrpp
905 3647 991 3766 {ubine
1009 3647 1096 3712 filiae,
1120 3644 1187 3762 (puin
1212 3640 1341 3761 ιιῗῃὶιῃιιῑιιιιίιιι

279 3774 315 3829 'de
333 3731 674 3901 leggti'bpceborncbapigbcasst
690 3716 1123 3852 eoioffbbbbses‘is'ibblbplis·
1137 3729 1174 3858 V.
1191 3775 1307 3853 Caesi.
1320 3792 1345 3826 c.

280 3851 321 3923 87.
338 3872 371 3886 ·-
402 3849 464 3924 ιἰιιι.
479 3849 515 3898 ad
529 3849 550 3899 il
561 3866 604 3900 am
616 3852 710 3918 poema
725 3848 759 3900 do
774 3848 860 3902 rebus
877 3864 892 3900 a
908 3848 1028 3929 (laesere
1044 3843 1177 3924 inGalhs
1192 3853 1222 3896 et
1234 3845 1343 3920 ,Britan-

280 3905 1344 4056 {ll⁸3²¹2·,i2.ti.i.tt,⁹·l.⁵.li·lx?citt't'dititl’cdliii

280 4061 309 4097 ιιι
320 4044 461 4097 Britannia
477 4055 568 4116 gestes·
580 4043 763 4100 decretorum.
800 4048 833 4100 V.
852 4048 930 4100 Caes.
947 4047 979 4098 B.
991 4045 1025 4098 G.
1042 4042 1091 4096 [V.
1107 4051 1177 4098 extr.
1196 4042 1253 4093 Duo
1267 4042 1345 4096 Cass.

279 4109 330 4184 ³9·
351 4108 392 4166 bd.
416 4140 449 4154 -·
490 4112 589 4164 otiosis.
622 4112 678 4164 Per
690 4110 748 4165 dies
764 4111 835 4166 enim
850 4107 1081 4183 supplicationum
1095 4108 1158 4181 lega
1172 4123 1230 4161 non
1247 4106 1346 4178 ageba·
