2768 4866
439 268 503 333 tlh.
523 267 555 332 ll
596 264 649 329 br.
668 264 738 329 xiil
1072 258 1124 328 ab

56 459 186 545 aliquot
205 453 330 524 Grseci
349 447 453 518 locuti
472 449 565 516 suut.
606 445 743 517 Siculus
762 445 822 513 ille
842 443 1123 534 capitalisqure·

55 566 139 655 ber,
169 567 313 648 acutus,
341 560 474 646 brevis,
495 573 606 646 paene
625 553 769 641 pusillus
791 550 1030 638 Thucydidesz
1059 550 1125 620 scd

54 680 151 742 nuos
173 674 246 741 eius
267 667 428 738 habueris
446 665 552 732 libros
572 698 616 713 -·
636 660 703 727 duo
719 660 808 726 enim
829 661 908 724 snut
923 676 1067 746 corpora
1083 694 1124 708 -

55 801 101 850 an
121 786 302 866 utrosque,
317 773 452 842 neseio.
500 771 560 838 Me
579 769 692 856 magis
713 765 756 832 de
777 765 945 850 Dionysio
965 763 1124 831 delectat.

54 887 137 974 Ipse
166 888 221 952 est
249 883 337 947 enim
358 881 533 946 veterator
553 892 699 962 magnus
724 875 761 940 et
780 870 1018 958 perfamiliaris
1038 870 1123 936 Phi-

54 994 147 1059 listo.
190 989 262 1058 Sed
282 987 371 1076 quod
391 984 570 1073 adscribis,
592 979 844 1070 aggrederisne
862 979 906 1045 ad
922 966 1124 1043 historiam?

54 1101 114 1169 Me
132 1104 271 1166 auctore
297 1100 407 1183 potes.
454 1092 520 1180 nt,
551 1088 706 1176 quoniam
734 1086 932 1153 tabellarios
960 1082 1125 1150 submini-

55 1213 169 1281 stras,
202 1203 356 1271 hodierni
386 1199 453 1267 diei
480 1215 538 1264 res
565 1200 689 1283 gestas
709 1191 952 1280 Lupercalibus
973 1189 1126 1256 habebis·

56 1313 198 1420 (lblecta
218 1315 255 1379 te
276 1326 356 1396 erum¹
370 1295 537 1378 Cicerone
557 1307 675 1370 nostro
697 1319 796 1388 quam
816 1299 1011 1368 bellissime.
1114 1314 1119 1323 ·

379 1565 651 1648 nrlsl‘ohh
683 1563 793 1643 XIV.

98 1676 209 1802 Scripta
229 1725 259 1785 in
280 1721 400 1783 Cumano
421 1720 467 1781 vel
487 1719 654 1795 Pompeiano
675 1733 770 1777 mense
789 1715 862 1775 bloio
882 1714 915 1774 A.
931 1713 963 1774 U.
977 1712 1007 1774 c.
1027 1711 1086 1777 700

337 1824 379 1895 (a
399 1818 462 1880 Chr.
483 1818 542 1892 bl)
563 1815 660 1879 iisdem
681 1814 847 1876 consulibus.

53 1957 266 2024 deprimentem.
300 1945 416 2002 Nuntiat
428 1961 457 2000 se
473 1945 576 1999 librum
594 1942 631 1998 de
646 1961 678 1998 re
693 1942 805 2014 publica
822 1940 946 1995 scribere
965 1955 995 2008 ις
1021 1939 1125 2015 Quinto

157 2047 273 2105 operam
294 2031 322 2084 in
340 2027 473 2083 mandatis
491 2026 551 2082 eius
570 2023 772 2098 persequendis
787 2022 938 2095 pollicetur
961 2038 993 2091 ²3
1017 2020 1125 2075 Oreum

155 2125 183 2171 et
200 2112 362 2170 Trebatium
379 2107 553 2164 commendat
569 2111 593 2163 3.

142 2361 145 2367 Ι
322 2264 516 2336 maneus
545 2264 584 2349 o.
614 2262 791 2331 runnu
819 2261 858 2330 s,

141 2391 237 2460 Duas
258 2375 368 2462 adhuc
388 2407 409 2458 a
429 2395 464 2458 te
483 2389 601 2476 accepi
622 2386 808 2495 epistolas:
830 2403 968 2472 quarum
985 2384 1127 2451 alteram
1169 2377 1200 2442 l.

58 2611 114 2649 seu.
128 2595 153 2648 6.
171 2596 369 2652 »inhumanum
381 2600 541 2671 negotium«
556 2625 588 2650 =
604 2596 769 2654 inhumanus
785 2599 875 2652 homo.
905 2595 1038 2652 Similiter
1052 2595 1128 2667 apud

58 2663 182 2717 Graecos
200 2677 354 2736 usurpatur
369 2673 470 2738 χρῆμα.
489 2700 516 2712 -
552 2667 666 2731 vulgare
682 2678 707 2716 et
723 2677 816 2717 notum
832 2664 848 2719 i.
862 2681 886 2716 e.
902 2678 1063 2727 commune,
1080 2661 1129 2716 tri·

56 2727 146 2794 virle,
169 2746 224 2782 non
240 2746 272 2782 ex
296 2731 413 2784 uisitum.
430 2765 462 2776 -
497 2734 640 2795 quemadm.
657 2733 720 2801 aliq.
740 2733 785 2786 Gr.
802 2733 976 2790 locutisunt,
998 2727 1128 2799 quemad·

58 2792 171 2848 modurn
185 2811 280 2849 nonnu
304 2797 311 2809 '
325 2796 425 2850 Graeci
438 2797 473 2850 de
489 2813 522 2849 eo
538 2796 695 2851 iudicarunt
704 2814 713 2863 3
730 2815 801 2850 non:
814 2793 953 2851 scribendi
967 2811 1054 2866 genus
1070 2795 1129 2847 vul-

57 2877 124 2934 gare
146 2871 173 2913 et
193 2869 288 2914 notum
310 2872 367 2930 cst,
391 2861 623 2932 quemadmodum
640 2861 757 2914 aliorum
776 2863 959 2916 Graecorum.
992 2863 1027 2916 V.
1045 2860 1132 2914 locuti

55 2938 120 2978 sunt
143 2927 287 2989 Muretus,
311 2926 338 2980 in
355 2928 433 2981 cuius
456 2926 549 2981 codice
572 2928 669 2981 omissa
688 2937 780 2994 erant,
805 2925 891 2980 deleri
914 2926 1007 2985 voluit.
1025 2959 1055 2969 -
1090 2927 1128 2977 Si·

56 2992 133 3045 culus
151 2993 214 3055 iiis,
233 2993 370 3048 Philistus.
385 3026 418 3038 ·-
451 3013 482 3046 cu
501 2995 575 3045 stalis
599 2993 615 3048 i.
636 3009 658 3046 e.
684 2993 863 3064 ingeniosus„
880 2993 1026 3066 primarius
1034 3011 1043 3058 3
1071 3008 1127 3045 non

58 3058 189 3129 vulgaris.
223 3059 304 3112 (lvio.
321 3062 395 3114 Fast.
411 3060 443 3127 3,
458 3013 516 3132 859.
539 3061 675 3129 »capitale
692 3077 821 3114 vocamus
838 3059 975 3131 ingenium
992 3060 1128 3113 sollcrs«.

57 3157 91 3169 -
116 3125 204 3176 creber
222 3124 238 3180 i.
256 3143 280 3180 e.
298 3125 414 3192 densus,
439 3127 525 3180 rebus
543 3125 701 3191 abundans,
727 3127 822 3198 paucis
840 3126 932 3180 verbis
951 3127 1036 3179 multa
1055 3141 1129 3177 corn·

57 3191 184 3262 plectens
190 3210 200 3261 3
220 3191 253 3244 de
268 3202 340 3247 orat.
356 3210 388 3258 s,
399 3193 429 3247 13
462 3190 659 3263 »Thucydides
672 3191 708 3244 ita
724 3194 812 3244 creber
830 3203 872 3246 cst
890 3210 983 3246 rerum
999 3192 1128 3261 frequen-

56 3257 131 3311 tias·
153 3289 187 3301 —
218 3260 333 3327 pusillus
358 3260 525 3329 Thucydides,
546 3257 653 3329 dequo
674 3258 805 3334 Quinctil,
831 3275 879 3321 ιο,
897 3277 926 3311 1:
955 3256 1079 3310 »densus
1101 3264 1130 3308 et
1221 3268 1223 3275 '

54 3322 151 3376 brevit
172 3333 199 3377 et
222 3334 333 3395 semper·
351 3327 453 3380 instans
476 3324 563 3378 sibi«.
587 3358 620 3368 —
659 3324 689 3373 de
704 3326 844 3394 Dionysii),
861 3323 948 3389 liber,
965 3323 990 3375 in
1036 3339 1071 3374 uo
1089 3319 1128 3390 ¹db

57 3388 179 3459 Dionysii
196 3392 310 3446 senioris
325 3392 411 3446 rebus
423 3391 506 3464 gestis
522 3400 625 3462 egerat.
661 3391 695 3444 V.
711 3387 816 3443 Victor.
833 3392 916 3447 Varr.
931 3391 1000 3442 lectt
1025 3388 1074 3450 sl,
1091 3407 1098 3439 ι
1122 3424 1130 3440 .

57 3487 91 3500 -
106 3458 173 3524 lpse,
189 3456 341 3528 Dionysius,
351 3491 383 3502 -
406 3460 553 3518 velanter,
566 3465 682 3520 astutus,
697 3454 782 3509 vafer.
793 3489 823 3497 -
848 3455 1039 3525 perfamiliaris
1052 3404 1129 3516 elib,

56 3520 94 3574 ita
113 3531 143 3575 ut
159 3520 290 3579 Philistus
309 3526 415 3587 omnia,
440 3539 514 3594 quae
538 3521 572 3574 de
596 3521 726 3591 Dionysio
745 3532 858 3589 narrat,
880 3521 982 3592 optimo
1006 3519 1128 3574 omnium

57 3596 160 3640 nosset.
180 3619 214 3630 -
256 3591 326 3662 quod
344 3590 471 3645 adscribis
495 3614 528 3638 =
546 3587 622 3661 qnod
646 3589 742 3641 attinet
763 3584 859 3653 adid,
884 3584 959 3657 quod
981 3597 1127 3658 praetcrea

57 3653 166 3708 scribis.
186 3680 218 3694 -
258 3654 595 3710 lrbtorr‘am'bcribendam.
618 3689 649 3700 -
684 3653 872 3724 Lupercalibus
890 3657 905 3706 i.
922 3670 945 3708 c.
968 3669 1046 3718 cres,
1063 3669 1127 3707 nam

57 3719 226 3790 Lupercalia
243 3739 267 3776 a.
283 3720 308 3777 d.
326 3724 387 3775 XV.
406 3724 467 3776 nal.
488 3724 571 3777 Mart.
592 3719 817 3776 celebrabantur.
857 3721 892 3774 V.
911 3717 990 3772 Ouid,
1007 3721 1081 3773 Fast.
1097 3736 1129 3786 s,

58 3785 109 3852 ²⁶7
126 3801 189 3904 sqq.
206 3787 255 3856 284
271 3804 331 3860 sqq.
351 3789 399 3856 425
415 3805 477 3860 sqq.
493 3788 553 3840 Liv.
569 3806 598 3854 ι,
612 3789 636 3843 5.
654 3821 685 3830 -
719 3787 832 3848 babebis,
850 3787 977 3839 rescisces
984 3803 993 3853 ς
1010 3785 1069 3841 coll.
1083 3801 1128 3856 ep.

56 3862 153 3906 antece
177 3893 182 3904 .
205 3867 275 3911 extr.
299 3887 332 3897 -
371 3871 450 3926 quam
467 3854 603 3907 bellissime
623 3853 640 3906 i.
657 3869 680 3907 e.
705 3869 789 3924 quarn
811 3849 1020 3919 iucundissime,
1044 3869 1128 3924 quam

57 3935 226 3973 ‘mm’
454 3983 634 4039 nersrons
658 3985 734 4038 xiv.

127 4055 154 4117 s.
173 4065 195 4127 ι..
230 4067 351 4121 quaram.
374 4049 481 4104 Deiecit
496 4051 548 4104 boc‘
562 4066 716 4124 pronomen
732 4050 842 4106 Sobila.
859 4059 974 4107 auctore
990 4045 1127 4103 Ernestio.

59 4118 98 4170 At
116 4131 207 4169 omnm
225 4117 306 4186 plana
324 4127 404 4186 sunt,
422 4120 444 4170 sl
461 4126 525 4191 post
541 4119 632 4170 datum
647 4119 777 4190 supples:
794 4119 889 4188 accepi.
