2760 4874
535 291 833 352 metuunt..
959 338 962 343 .
1113 295 1189 363 ‚59

123 473 187 540 ieci
209 470 319 537 verbe
340 470 383 539 de
405 475 475 537 toto
495 471 607 538 furore
629 473 869 561 latrocinioque
889 477 928 543 P.
950 478 1079 545 Clodii:
1100 497 1187 569 eum,

122 589 291 666 tamquam
311 596 423 661 reum,
445 579 622 669 accusavi,
644 580 757 646 multis
773 586 809 648 et
822 585 980 651 secundis
997 585 1189 654 admurmu-

107 683 311 753 rationibus
334 686 446 751 cuncti
466 689 619 750 senatus.
672 682 862 753 Orationem
883 708 990 756 meam
1012 678 1186 760 collanda-

123 794 173 859 vit
189 790 282 865 satis
297 789 412 863 multis
429 788 561 874 verbis,
583 809 651 855 non
664 793 856 861 mehercule
875 794 1057 887 indiserte,
1079 799 1189 867 Vetus

123 897 318 964 Antistiusr
339 896 437 982 isque
452 895 648 964 iudiciorum
663 905 800 966 ctusam
820 903 972 989 suscepit
993 905 1188 991 antiquissi-
1263 910 1275 926 “

122 1021 277 1090 mamque
299 1021 339 1070 se
360 1001 544 1070 habiturum
565 1003 660 1071 dixit.
702 1007 818 1074 Ibatur
834 1009 870 1073 in
886 1027 959 1075 eam
974 1012 1188 1079 sententiam.

124 1111 207 1178 Tum
245 1107 384 1178 Clodius
416 1115 562 1198 rogatus
595 1110 682 1177 diem
712 1111 853 1181 dicendo
885 1114 1034 1184 eximere
1068 1119 1188 1204 coepit.

124 1217 275 1284 Furebat
296 1236 317 1283 a
337 1217 466 1284 Racilio
488 1237 529 1284 se
549 1220 790 1288 contumaciter
810 1221 1004 1311 urbaneque
1019 1231 1188 1293 vexatum.

124 1320 258 1388 Deinde
279 1321 353 1387 eius
376 1340 500 1409 operae
520 1330 661 1417 repente
682 1346 704 1394 a
725 1327 946 1397 Graecostasi
972 1336 1007 1397 et
1027 1331 1190 1420 gradibus

125 1429 302 1497 clamorem
322 1429 410 1495 satis
430 1449 590 1518 magnum
606 1435 833 1523 sustulerunt,
854 1438 975 1522 ‚opinor
987 1439 1022 1503 in
1037 1438 1077 1521 Q.
1093 1438 1189 1508 Sex·

124 1537 229 1602 tilium
257 1540 294 1603 et
319 1538 444 1603 amicos
469 1538 608 1604 Milonis
634 1540 807 1609 incitatae.
855 1527 907 1613 Eo
934 1547 1025 1609 metu
1046 1546 1190 1635 iniecto,

126 1648 284 1732 repente,
301 1663 428 1732 magua
445 1646 649 1732 querimonia
665 1649 824 1734 omnium,
842 1648 1072 1717 discessimus.
1113 1653 1190 1718 Ha-

126 1748 186 1814 bes
205 1752 288 1816 acta
308 1750 405 1815 unius
427 1748 517 1816 diei:
548 1751 696 1842 reliqua,
724 1758 762 1820 ut
788 1754 950 1840 arbitror,
980 1757 1015 1821 in
1040 1761 1190 1825 inensem

127 1854 317 1923 Ianuarium
345 1857 548 1925 reiicientur.
598 1859 653 1927 De
673 1860 815 1928 tribunis
836 1861 883 1948 pl.
904 1861 1010 1950 longe
1032 1864 1190 1950 optimum

126 1963 289 2031 Racilium
306 1962 485 2030 habemus:
507 1965 642 2032 videtur
663 1969 765 2034 etiam
785 1969 954 2034 Antistius
976 1970 1102 2036 amicus
1123 1989 1189 2036 no·

126 2069 175 2137 bis
195 2071 293 2137 fore:
320 2090 397 2138 nam
417 2071 576 2155 Plancius
596 2078 688 2141 totus
709 2064 827 2142 noster
849 2080 913 2142 est.
964 2076 1057 2166 Mac,
1086 2077 1117 2142 si
1138 2095 1190 2143 me

125 2194 240 2354 agnas,
255 2181 308 2351 but
335 2176 548 2245 considerate
569 2178 818 2269 diligenterque
840 2182 986 2272 naviges
1009 2183 1052 2250 de
1072 2201 1191 2253 mense

158 2301 253 2352 ecem
277 2303 317 2349 rr.
1015 2309 1018 2312 ’

126 2487 263 2547 secundas,
280 2500 419 2538 assensum
436 2481 628 2542 indicantibus.
643 2516 676 2528 -
712 2482 793 2535 Vetm
806 2485 949 2537 Antistius.
984 2485 1025 2537 lta
1046 2483 1192 2556 legendum

128 2567 186 2605 esse
208 2551 318 2605 censuit
334 2550 475 2605 Manutius
495 2551 543 2620 (cf.
563 2548 698 2608 ad.Brut.
716 2565 760 2622 ep.
779 2556 832 2616 ιι.)
854 2566 907 2621 pro
924 2551 1034 2602 Seuerus
1047 2553 1191 2607 Antrbcins.

127 2618 270 2670 Tribunus
287 2617 371 2669 fuisse
388 2615 513 2681 videtur3
530 2616 564 2670 cf.
584 2627 652 2671 extr.
667 2614 693 2684 i,
709 2649 741 2660 -
781 2617 1003 2686 antiquitatis.
1023 2614 1039 2669 i.
1055 2631 1078 2668 e.
1092 2615 1193 2689 gravis·

126 2684 235 2752 umam,
252 2681 420 2754 potissimam
434 2682 660 2753 existimaturum.
675 2716 706 2726 -
739 2683 832 2737 Ibatur·
849 2683 876 2732 in
897 2701 955 2735 enm
972 2693 1038 2735 cent.
1053 2706 1086 2730 π
1102 2697 1191 2736 assen-

127 2766 187 2804 sum
208 2759 253 2804 est
271 2749 306 2802 ab
326 2747 453 2802 omnibus
473 2748 535 2801 huic
558 2749 722 2816 sententiae,
745 2766 801 2801 non
818 2747 982 2802 discessione
1000 2748 1088 2814 facta,
1114 2745 1191 2819 quod

126 2816 190 2870 alias
200 2816 315 2886 pedatus
329 2818 368 2869 ire
383 2817 410 2868 ln
422 2814 584 2872 sententiam
595 2814 710 2868 alicuius
725 2813 834 2882 dicitur,
847 2813 979 2885 quodque
994 2813 1102 2893 nonnisi
1115 2830 1193 2885 roga·

128 2882 161 2945 tis
184 2882 309 2936 omnium
332 2881 470 2937 sententiis
485 2880 576 2935 tiebat.
594 2881 625 2925 Ι--
669 2881 860 2933 disordinando
880 2883 991 2935 cecinere
1012 2899 1029 2935 t.
1048 2896 1072 2936 e.
1095 2897 1192 2934 consu·
1282 2912 1285 2916 ι

128 2965 211 3007 mere.
256 2949 349 3021 Quum
367 2946 540 3001 senatoribus
554 2947 652 3001 liceret
670 2944 796 3018 qualibet
810 2944 843 2998 de
857 2962 889 2999 re
904 2956 931 3000 et
944 2945 1076 3018 quamdiu
1090 2946 1193 3000 vellent

128 3013 231 3082 dicere,
249 3017 301 3069 hac
312 3023 458 3086 'potestate
472 3030 670 3084 nonuunquam
685 3011 886 3076 abutebantur,
911 3013 1049 3087 longaque
1066 3013 1192 3067 oratione

129 3078 196 3133 diem
215 3080 430 3146 consumebant,
453 3097 488 3132 ne
504 3078 570 3150 quid
585 3089 682 3132 contra
699 3095 777 3133 snam
794 3078 963 3133 voluntatem
982 3080 1191 3135 decerneretur.

131 3146 171 3200 Cf.
186 3147 223 3199 arl
240 3152 297 3202 att.
313 3147 375 3212 [μδ
391 3144 460 3199 med.
480 3147 538 3200 Liv,
553 3145 711 3210 1,80e1tr.
728 3145 796 3197 Ptin.
814 3161 857 3216 ep.
869 3146 899 3211 5,
916 3162 955 3200 21.
974 3145 1047 3201 Gell.
1059 3147 1093 3224 q,
1111 3161 1148 3198 ιο,
1159 3175 1191 3186 -

130 3213 279 3284 urbaneque
294 3212 310 3265 i.
325 3229 347 3268 c.
363 3211 496 3285 adsperso
513 3212 661 3264 multarum
674 3211 834 3264 facetiarum
848 3210 914 3266 sale.
932 3212 1092 3264 Emendatio
1106 3210 1191 3283 igitur

129 3294 186 3331 esse
205 3279 314 3336 videtur
329 3278 412 3332 lectio
427 3278 559 3331 aliorumz
576 3279 757 3349 inarbaneque.
774 3310 807 3321 -
841 3279 1016 3332 Graecostasi.
1034 3279 1125 3330 Locus
1140 3277 1193 3329 fuit

130 3346 257 3398 excelsus
273 3343 307 3397 ad
324 3343 446 3399 dextram
465 3343 565 3397 comitii
606 3360 672 3414 rope
691 3342 795 3396 curiam
812 3342 970 3410 Hostiliam,
989 3341 1036 3396 ubi
1051 3343 1132 3414 legati
1148 3359 1192 3394 cx·

130 3420 275 3465 ternarum
291 3412 427 3481 gentium,
443 3406 567 3482 inprimis
580 3362 771 3475 graccorum,
787 3417 898 3462 sanetus
912 3407 1021 3462 decreta
1035 3417 1193 3480 exspectan·

131 3485 170 3532 tea
186 3476 492 3541 commemorabantur3
512 3478 637 3532 v.Varro
653 3477 683 3530 t..
694 3477 727 3532 L.
741 3479 757 3542 4
785 3470 825 3529 da.
851 3473 919 3530 elin.
934 3477 967 3528 H.
980 3476 1013 3529 N.
1028 3475 1076 3532 33.
1092 3493 1104 3527 1
1120 3471 1192 3527 med.

131 3544 332 3612 -gradibos,;
360 3542 439 3596 uibus
455 3544 489 3598 ad
503 3543 608 3597 curiam
624 3513 852 3596 adscendebatur.
867 3573 901 3582 —
934 3541 1126 3606 QSentib‘um',
1145 3538 1193 3591 du·

131 3625 189 3663 cem
206 3609 334 3663 factionis
383 3609 534 3677 damianae,
559 3618 591 3663 ut
612 3605 728 3663 videtur.
746 3641 779 3653 -
812 3610 839 3659 in
855 3624 934 3660 omos.
950 3611 1005 3662 Ian.
1023 3608 1193 3668 reicientur,

132 3677 194 3747 quia
209 3694 244 3729 ex
258 3673 411 3728 octodecim
425 3673 523 3730 diebus
536 3675 636 3728 mensis
650 3674 808 3728 Decembris
820 3671 935 3742 reliquia
950 3683 1072 3744 quatuor
1086 3682 1193 3726 tanturn

133 3752 213 3797 erant
229 3740 337 3811 (fasti),
355 3739 457 3818 quibus
474 3750 584 3794 senatus
601 3739 696 3797 baberi
711 3740 807 3794 liceret
813 3759 822 3808 3
863 3743 965 3810 uiaque
982 3739 1038 3794 dies
1053 3739 1129 3807 festi,
1146 3754 1195 3791 no-

133 3825 193 3862 vem
208 3807 366 3863 comitiales.
402 3824 427 3862 v.
443 3809 548 3878 Manut.
568 3804 601 3858 ad
617 3806 642 3862 b.
656 3805 676 3859 l.
690 3838 723 3848 -
757 3807 807 3860 Cn.
827 3756 967 3868 dunatus,
983 3805 1009 3859 h.
1024 3822 1048 3860 a.
1064 3803 1194 3858 tribunus

133 3876 188 3945 pl,
213 3875 262 3947 qui
283 3883 417 3948 quaestor
432 3871 609 3925 Macedoniae
624 3871 726 3940 optime
743 3869 777 3924 de
794 3871 928 3928 Cicerone
945 3872 1025 3926 cx‘ule
1044 3879 1192 3924 meruerat.

135 3959 158 3992 v.
180 3940 215 3993 ad
239 3940 453 4009 Att.3,aa‚13
481 3935 519 3992 ad·
537 3935 697 4002 div.1q,1,
715 3937 741 3991 3.
761 3968 793 3979 --
831 3938 911 3999 clem.
931 3939 992 3992 Dec.
1023 3938 1070 3992 cf.
1090 3935 1193 3990 dehoc

133 4023 261 4078 praepos.
278 4023 331 4060 usu
345 4007 455 4077 Zumpt.
474 4009 498 4123 q
514 4002 572 4057 308.
591 4034 622 4042 -
656 3999 774 4074 Quintus
792 4001 820 4054 in
835 4003 987 4058 Sardiniam
1007 4002 1193 4058 transmittere

132 4068 328 4138 coimituerat,
348 4088 407 4144 quo
422 4069 464 4125 rei
488 4066 675 4124 rumentariae
692 4083 773 4122 causa
788 4067 895 4140 legatus
912 4079 927 4122 a
948 4069 1080 4142 Pompeio
1095 4068 1193 4122 missus
1248 4082 1257 4097 ·

138 4150 206 4193 crat.
242 4138 285 4192 Cf.
300 4155 342 4208 cp.
359 4155 417 4209 seq.
432 4137 488 4191 init.
497 4156 506 4206 3
519 4152 564 4207 cp.
578 4135 594 4189 3
609 4143 678 4188 extr.
687 4152 695 4202 3
712 4136 728 4188 b
743 4143 829 4200 extr.;
846 4135 880 4188 ad
894 4134 947 4191 div.
963 4155 992 4203 ι,
1006 4153 1038 4204 q,
1051 4153 1075 4207 9.
