2760 4874
191 229 238 296 itti
335 231 372 290 ld.
392 229 423 289 T.
446 224 628 290 CICERONIS
649 222 801 295 aristot.
822 222 871 282 ΑΙ)
892 223 924 294 Q.
946 222 1113 285 FRATREM

192 414 279 483 satis
293 414 358 477 est.
399 407 485 476 Sive
499 402 829 489 enimrestltuimur,
850 401 926 467 slve
942 400 1183 488 desperamur,
1205 399 1258 466 ni·

192 519 241 585 hil
261 515 405 603 amplius
427 531 514 599 opus
534 515 598 578 est.
641 508 711 596 Tu,
732 509 764 574 si
783 507 872 575 forle
890 507 969 593 quid
986 509 1051 573 erit
1067 507 1259 592 molestiae,

116 623 153 693 8.
193 630 232 693 te
254 622 299 691 ad
315 622 476 691 Crassum
490 617 582 686 etad
596 614 760 686 Calidium
778 609 954 703 conferas,
972 633 1107 681 censeo.
1142 613 1262 696 Quan-

193 738 263 798 tum
283 728 469 796 Hortensio
491 724 695 793 credendum
716 723 780 810 sit,
801 721 930 813 neseio.
980 718 1037 785 lile
1057 738 1190 785 summa
1211 721 1259 786 si-

194 838 375 905 mulatione
392 835 519 901 amoris
535 847 729 915 smumaque
746 827 948 895 assiduitate
966 826 1163 912 quotidiana
1182 845 1260 893 soe·

192 942 397 1010 ieratissime
414 937 741 1022 insidiosissimeque
756 933 935 1021 tractavit,
957 932 1116 999 adiuncto
1131 951 1261 1020 quoque

192 1051 315 1119 Arrio:
338 1066 476 1135 quiorum
496 1064 564 1132 ego
584 1042 757 1132 consiliis,
771 1043 972 1129 promissis,
988 1041 1184 1127 praeceptis
1199 1040 1260 1107 de·

192 1156 332 1224 stitutus
353 1153 390 1218 in
409 1151 498 1217 banc
517 1149 742 1227 calamitatem
758 1148 871 1214 incidi.
913 1148 986 1216 Sed
1003 1149 1089 1214 haec
1107 1147 1260 1214 occulta·

193 1262 266 1348 bis,
295 1254 447 1343 nequid
475 1254 597 1354 obsint.
649 1252 738 1323 illud
768 1260 911 1323 caveto:
943 1259 979 1325 et
1006 1274 1046 1322 eo
1067 1258 1169 1342 puto,
1200 1272 1260 1340 per

193 1364 411 1452 Pomponium
443 1361 626 1429 fovendum
656 1360 718 1427 tibi
747 1376 826 1429 esse
853 1363 1093 1450 Hortensium,
1129 1379 1175 1428 ue
1204 1360 1259 1427 ille

192 1490 339 1561 uersus,-
368 1469 424 1557 qni
445 1471 482 1545 iu
500 1471 536 1535 te
557 1472 632 1534 crat
652 1465 815 1552 collatus,
844 1488 943 1557 quum
963 1468 1171 1536 aedilitatem
1197 1484 1260 1554 pe·

194 1578 314 1669 tobes,
330 1570 387 1644 'de
412 1577 495 1665 lege
523 1573 682 1663 Aurelia,
709 1573 797 1640 falso
824 1575 1015 1642 testimonio
1038 1573 1260 1641 confirmetur.

194 1685 290 1753 Nihil
312 1685 400 1751 cuim
420 1687 490 1761 tam
511 1683 633 1772 timeo,
662 1695 763 1769 quam·
777 1700 841 1770 ne,
863 1702 961 1768 quum
981 1679 1180 1770 intelligant
1198 1679 1260 1745 bo·

195 1793 321 1880 mines,
345 1793 504 1878 quantum
523 1790 775 1858 misericordiae
795 1789 893 1857 nobis
914 1795 992 1856 tuae
1013 1805 1135 1875 preces
1157 1790 1194 1855 et
1208 1791 1262 1854 tua

191 2078 195 2084 .
215 2031 280 2091 iuni,
297 2025 409 2081 duobus
420 2024 516 2100 Quinti
532 2023 732 2092 creditoribus,
750 2022 971 2096 quibusMarcus
986 2032 1049 2076 ante
1066 2038 1152 2105 quam
1168 2022 1198 2076 iu
1211 2021 1261 2076 exi·

166 2143 170 2151 .
193 2046 266 2147 diurn
281 2093 425 2164 profectus
440 2104 495 2160 est,
513 2092 741 2150 satisfecerat-
774 2091 928 2161 molestiae,
945 2100 976 2144 ut
994 2090 1092 2161 aliquus
1107 2086 1261 2143 accusando

196 2158 248 2214 tibi
264 2157 404 2277 nasutium
417 2150 550 2224 facessat,
567 2169 595 2210 te
612 2158 638 2210 in
654 2152 784 2210 iudicium
799 2165 885 2210 vocet.
920 2156 962 2210 of.
978 2170 1021 2277 ep.
1038 2171 1097 2230 seq.
1110 2153 1133 2223 t.
1147 2170 1171 2213 u.
1194 2155 1258 2208 Eru.

200 2241 267 2279 vero
286 2242 300 2292 p
321 2225 442 2292 notavite
468 2240 485 2277 a
503 2224 708 2288 creditoribus,
735 2224 783 2295 qui
799 2221 928 2277 dicuutur
948 2223 1056 2276 moesti
1076 2239 1151 2288 esse,
1176 2237 1260 2292 quum

82 2349 88 2357 ι
199 2286 337 2344 debitores
352 2290 503 2363 appellant.
517 2324 550 2337 -
583 2291 707 2357 conseras
723 2289 815 2343 auxilii
829 2304 925 2357 causa,
940 2289 991 2360 'qui
1005 2306 1113 2342 causam
1128 2298 1207 2341 tuam
1220 2285 1261 2340 de·

196 2356 320 2410 tendant.
336 2390 370 2402 -
404 2359 546 2419 Crassum,
560 2357 752 2423 triumvirum,
768 2355 818 2427 qui
831 2365 926 2427 postea
942 2371 956 2408 a
971 2355 1080 2409 Parthis
1093 2355 1200 2407 occisus
1215 2362 1261 2408 est.

198 2455 232 2467 -
247 2425 287 2477 Μ.
304 2423 452 2487 Calidium,
467 2425 516 2496 qui
530 2423 582 2479 t'uit
597 2432 712 2496 praetor
728 2439 800 2475 suno
814 2422 940 2493 proximo
957 2431 984 2474 et
998 2419 1032 2474 dc
1046 2419 1139 2475 reditu
1154 2421 1261 2474 Cicero·

194 2488 241 2543 'uis
255 2489 344 2561 legem
358 2489 561 2563 promulgavit,
587 2508 612 2541 v.
631 2487 659 2540 iu
675 2488 741 2543 Seu.
754 2496 827 2561 post.
843 2485 901 2543 red.
917 2505 941 2558 9.
959 2489 1037 2542 Brut.
1051 2505 1084 2558 79
1099 2504 1140 2558 sq.
1163 2486 1260 2564 Quine-

199 2554 238 2611 til.
252 2556 315 2610 inst.
331 2573 372 2609 or.
393 2573 437 2624 ro,
455 2576 483 2624 r,
501 2557 542 2610 ad.
1065 2586 1067 2595 ι

266 2671 289 2743 §.
317 2674 343 2728 8.
383 2675 485 2733 Seeler.¹
503 2670 580 2728 obsid.
605 2684 685 2729 tract.
727 2673 888 2727 Ciceronem
916 2672 941 2726 h.
964 2674 984 2727 1.
1008 2673 1107 2726 iniuste
1133 2687 1260 2727 accusare

200 2739 393 2806 Hortensium,
417 2739 651 2792 verosimillimum
675 2737 794 2796 videtur.
838 2741 882 2794 cf,
903 2740 1004 2792 Alelen
1028 2740 1127 2792 Cicero
1151 2739 1179 2792 iu
1200 2739 1262 2792 sein.

200 2804 479 2877 Briefcnp.1rb.-
512 2810 614 2868 Arrub,
638 2804 744 2877 dequo
767 2805 1259 2871 v.adAtt.r,17cxtr.a,5et7.

200 2873 269 2926 Hor.
285 2881 335 2926 sat.
348 2887 380 2938 a,
395 2870 483 2938 3,·86.·
496 2904 525 2912 -
562 2873 636 2925 Part.
653 2890 683 2924 eo
699 2873 791 2927 multis
808 2870 897 2926 modis
910 2870 1064 2925 adhibetur.
1094 2872 1123 2926 Si
1136 2889 1192 2944 pro
1209 2871 1261 2923 dieo

201 2937 335 3009 accipias,
358 2935 512 2990 huiusmodi
531 2938 655 3018 exempla
678 2938 763 2992 habes
786 2937 861 3010 apud
882 2938 1073 3005 serentum.
1091 2942 1219 3006 u,1,41.
1237 2945 1261 2989 ει

201 3003 288 3057 multa
303 3001 378 3073 apud
395 3003 522 3056 Plautum
532 3022 541 3072 3
560 3005 657 3056 melrus
676 3015 717 3059 est
735 3002 859 3076 accipere
878 3021 931 3077 pro
948 3006 975 3055 in
990 3021 1027 3057 eo.
1063 3004 1214 3072 Berrte'vogl.
1233 3032 1262 3044 -

199 3087 249 3142 per
261 3069 349 3138 Pomp.
385 3069 522 3134 Atticum,
539 3069 611 3122 iuter
627 3086 709 3141 quem
724 3080 751 3123 et
763 3072 941 3125 Hortensium
954 3085 1059 3122 summa
1073 3069 1126 3124 fuit
1142 3069 1262 3126 amicitia.

204 3133 255 3187 vid.
272 3135 344 3205 Nep.
363 3139 419 3188 Αιι.
437 3136 461 3188 5.
480 3167 512 3177 -
564 3139 592 3186 m·
608 3138 636 3187 ia
655 3147 680 3188 re
700 3148 759 3187 erat
781 3137 842 3190 eall.
865 3137 881 3191 i.
896 3153 918 3189 ε.
938 3134 986 3188 tibi
1006 3145 1137 3207 tauquam
1158 3137 1261 3192 auctori

202 3201 325 3254 tributus
368 3199 470 3253 Eadem
494 3201 579 3273 signif.
598 3201 625 3254 h.
644 3221 667 3255 v.
683 3202 786 3274 legitur
806 3219 859 3272 pro
876 3202 966 3268 Plano.
988 3204 1028 3267 ¹4·
1047 3203 1081 3253 ad
1101 3203 1154 3258 div.
1173 3223 1205 3273 7,
1219 3204 1263 3269 dm

202 3271 232 3334 5,
251 3270 274 3321 5.
312 3268 370 3320 Hoc
385 3283 484 3333 versu,
508 3285 590 3386 qiuem
609 3267 756 3340 significat,
777 3269 941 3321 Hortensius
958 3277 1006 3319 aut
1019 3266 1117 3339 aliquis
1136 3286 1169 3322 ex
1186 3271 1261 3324 buius

203 3334 295 3388 amieis
312 3331 410 3387 irrisus
429 3349 488 3386 esse
506 3333 626 3390 vdetur.
660 3332 763 3388 Notum
784 3344 827 3386 cst
842 3333 937 3404 Quinti
946 3335 1073 3411 ‘poetices
1090 3333 1222 3390 studium.
1233 3367 1262 3382 .-

127 3475 134 3486 ·
203 3397 1263 3536 ectu1calceatasaltataltrinsec-puritatem.

202 3531 266 3601 peio
285 3544 312 3587 ει
327 3533 429 3586 Crasso
443 3531 478 3587 11.
491 3533 561 3585 Coss
580 3570 589 3598 ,
605 3549 637 3584 ex
653 3546 711 3601 qua
727 3533 787 3600 iege
804 3531 963 3598 Senatores,
976 3533 1090 3604 Equites
1107 3543 1135 3587 et
1151 3551 1167 3587 e
1184 3534 1263 3605 plebe

203 3598 310 3653 tribuni
328 3598 427 3652 aerarii
447 3596 609 3651 iudicarunt.
652 3598 810 3663 Manutius,
834 3597 884 3668 qui
904 3595 1055 3651 obscurum
1077 3599 1152 3652 hunc
1173 3602 1263 3654 locum

204 3663 301 3731 aliter,
314 3680 415 3735 vneque
435 3674 526 3717 tamen
544 3662 628 3735 magis
645 3664 787 3716 commode
804 3679 836 3714 ex
858 3664 940 3728 licat,
962 3664 1012 3716 bae
1029 3665 1089 3737 lege
1108 3663 1143 3718 de
1163 3667 1265 3720 ambitu

205 3728 310 3801 aliquid
331 3731 465 3783 sancitum
486 3729 569 3784 fuisse
592 3739 693 3782 censat.
737 3681 938 3794 attendatur,
964 3729 1069 3800 inquit,
1095 3747 1130 3783 ne
1179 3732 1265 3786 uintus

204 3793 293 3849 frater
308 3794 342 3848 de
360 3796 463 3849 ambitu
480 3804 675 3860 accusaretur,
699 3793 774 3866 quod
792 3794 819 3848 in
835 3795 953 3867 peteuda
969 3796 1107 3849 aedilitate
1124 3799 1266 3868 pecuniam

149 3877 150 3880 ’
206 3872 305 3915 contra
317 3863 406 3932 legem
423 3861 542 3916 dedisset
551 3881 560 3931 3
578 3877 635 3933 quo
652 3871 779 3932 tempore
796 3879 893 3916 versus
908 3859 1018 3935 quidam
1033 3863 1060 3912 in
1076 3878 1140 3914 eum
1160 3863 1195 3918 de
1210 3866 1266 3936 lege

205 3927 339 3993 Aurelia,
362 3927 410 3998 qui
432 3928 564 3982 ambitum
586 3936 712 3994 notaret,
738 3928 966 3983 conferebamus
1005 3928 1083 3979 Tune
1101 3931 1225 3998 conferre
1243 3933 1266 3981 is

206 3994 269 4065 aliq.
283 3993 358 4045 foret
374 3993 513 4060 alludere,
529 3992 687 4064 exprobare
706 3992 795 4047 alicui.
808 4027 841 4036 -
865 3993 945 4059 falso
959 3995 1108 4045 testemom'o
1121 3994 1269 4052 Hortensii,

207 4091 240 4106 ...
256 4060 438 4126 corfirmetur,
452 4069 583 4131 tanquam
598 4076 615 4113 a
628 4069 656 4112 te
670 4061 843 4130 compositus.
