2760 4874
519 250 581 312 un.
601 252 620 311 Ι.
662 253 713 314 ΕΡ.
735 253 777 312 [Π.
1141 252 1184 319 ᾰί

122 436 219 505 sains
243 433 387 500 allatura
409 433 473 522 sit,
495 438 694 524 oppugnent
710 441 745 502 te
763 435 1005 504 vehementius.
1049 437 1187 506 Messa·
1229 444 1267 513 9.

122 544 187 611 lam
210 542 263 607 tui
284 540 467 608 studiosum
489 559 568 608 esse
589 538 754 610 arbitror:
787 541 979 629 Pompeium
1008 546 1107 613 etiam
1137 546 1190 612 si·

124 649 325 717 mulatorem
339 652 429 733 puto.
473 646 547 715 Sed
560 647 645 716 haee
659 650 786 717 utinam
802 670 868 717 non
883 647 1080 738 experiare!
1103 650 1192 740 quod

124 772 290 845 premerer
306 754 408 842 deos,
429 755 496 820 nisi
511 772 605 822 meas
621 766 746 842 praees¹
758 755 875 823 andire
893 757 1073 825 desissent.
1115 759 1191 827 Ve-

125 867 316 931 rumtamen
336 879 472 950 precor,
495 866 532 929 nt
553 863 607 928 his
627 861 767 929 infinitis
788 863 917 929 nostris
932 864 1029 931 malis
1045 867 1195 935 contenti

128 972 218 1038 sint:
247 971 285 1035 in
313 967 429 1056 quibus
456 988 521 1035 non
542 969 638 1036 modo
661 975 775 1045 tamen
796 970 919 1036 nulliu's
942 973 1035 1039 inest
1061 954 1196 1061 peceati

127 1076 288 1165 infamia,
309 1074 373 1142 sed
394 1077 498 1144 amnis
521 1078 616 1146 dolor
631 1082 703 1168 est,
725 1077 814 1165 quod
827 1080 951 1166 optime
968 1078 1070 1147 saetis
1087 1088 1198 1168 poena

130 1185 277 1252 maxima
287 1189 350 1259 ,est
370 1186 562 1253 constituta.
611 1185 731 1252 liiliam
755 1190 920 1251 meamet
940 1189 1034 1253 tuam
1055 1186 1197 1264 Cicero·
1240 1181 1293 1249 1⁰.

131 1310 275 1378 nemque
296 1295 446 1357 nostrum
459 1291 538 1377 qnid
554 1311 638 1380 ego,
660 1293 705 1358 mi
720 1292 846 1382 frater⁷
866 1293 925 1359 tibi
942 1287 1200 1363 commendaui

134 1401 211 1487 quin
234 1397 318 1464 iilnd
339 1416 497 1483 maereo,
525 1398 612 1486 quod
633 1399 694 1465 tibi
714 1417 783 1464 non
803 1398 964 1465 minorem
985 1399 1134 1468 dolorem
1154 1403 1201 1469 il·

134 1506 240 1572 iorum
264 1504 391 1570 orbitas
413 1507 549 1594 afferet,
579 1521 675 1592 quam
697 1504 788 1572 mihi.
839 1496 933 1601 Seri,
965 1509 1006 1573 te·
1026 1508 1202 1599 incolumi,

136 1613 205 1679 orbi
226 1630 296 1678 non
318 1614 426 1677 erunt.
476 1612 639 1698 Reliqua,
665 1611 715 1678 ita
739 1609 820 1677 mihi
845 1608 937 1679 salua
965 1612 1077 1701 aliqua
1104 1614 1206 1689 detur

139 1723 357 1805 potestasque
384 1718 418 1784 in
448 1720 559 1806 patria
586 1716 771 1805 moriendi,
803 1722 843 1786 nt
869 1738 922 1788 me
947 1708 1108 1789 lacrimae
1134 1736 1205 1789 non·

140 1827 254 1895 rinnnt'
273 1818 445 1892 seribere!
488 1820 598 1892 Etiam
616 1815 812 1893 Terentiam
828 1823 1081 1912 velim-tueare,
1102 1814 1208 1892 mihi-⁷

140 1940 200 2020 qne
222 1932 267 1999 de
289 1932 439 1998 omnibus
461 1930 562 1997 rebus
583 1931 764 2001 rescribas.
807 1930 1007 2020 sisinnio,
1029 1932 1139 2022 quoad
1155 1916 1208 2001 rei

139 2044 261 2133 natura
279 2040 436 2127 patietur.
477 2038 593 2106 Idibus
613 2040 739 2129 InniiS,
762 2039 1039 2109 Thessalonicae.

142 2246 362 2329 narratoria.
380 2280 466 2342 quum
484 2267 641 2335 inserirur,
667 2266 766 2347 iudicio
788 2248 1007 2351 repetundarum
1029 2268 1103 2347 iiber
1120 2284 1157 2348 aa.
1176 2260 1212 2318 ...'
1244 2272 1248 2277 '

144 2357 259 2411 oppugn.
277 2349 305 2389 re
318 2338 393 2399 vela,
410 2337 501 2391 aerina
516 2346 544 2390 te
562 2345 694 2409 urgeant,
711 2352 851 2407 neposne
869 2352 922 2407 pro
939 2351 983 2390 me
1000 2334 1155 2409 deprocari.
1192 2352 1209 2381 -·

202 2466 235 2582 ³.
251 2478 277 2533 9.
312 2462 350 2514 Μ.
368 2457 512 2512 Valerium
530 2458 689 2519 Messalam,
713 2456 795 2511 Cano.
819 2454 932 2509 hiennio
954 2465 1019 2528 port
1034 2452 1212 2511 Ciceronem

147 2544 200 2583 aa
237 2532 296 2581 nn.
315 2545 344 2592 1,
363 2541 392 2578 nn
411 2535 481 2578 extr.
498 2557 532 2568 ·-·
566 2525 699 2577 destinent.
728 2523 797 2577 nliiz
816 2524 957 2575 desiissent.
975 2555 1007 2566 -
1041 2540 1067 2577 v.
1086 2540 1139 2574 non
1155 2542 1212 2577 mo·

146 2595 193 2658 do,
210 2592 331 2647 delenda
347 2592 477 2645 censebat
494 2593 602 2646 Ernest.

163 2710 166 2715 ’
211 2720 238 2783 ς.
260 2729 299 2766 ro.
335 2709 434 2779 afferet.
461 2709 530 2762 Alii:
547 2707 642 2777 offert,
658 2707 751 2777 quod,
766 2706 1026 2773 monenteBaniiv.‚
1041 2712 1213 2760 varumnam

149 2789 201 2847 ειη
217 2790 275 2832 nan
292 2778 364 2831 enim
381 2777 486 2829 Romae
504 2781 563 2829 orat
582 2775 709 2850 Quintus.
727 2807 760 2817 -
793 2775 901 2845 Relr'qoa
921 2772 1088 2846 iungendum
1106 2790 1131 2824 v.
1147 2774 1215 2824 rarii

148 2847 210 2902 iare.
229 2874 263 2888 -
297 2846 337 2895 ira
413 2854 451 2895 aa.
486 2844 528 2894 De
544 2841 595 2893 heo
609 2838 761 2893 affirmandi
776 2838 973 2893 formula-ride
987 2839 1096 2893 Ramah.
1108 2842 1137 2909 §-
1156 2837 1215 2892 noia
1303 2855 1306 2860 ·

149 2911 170 2966 3.
187 2913 221 2968 N.
241 2929 266 2965 n.
285 2942 318 2955 -
352 2907 498 2976 Saleforrio.
533 2905 671 2960 Wieland.
692 2904 725 2957 ad
746 2907 771 2958 h.
795 2908 813 2959 Ι.
833 2907 1029 2972 benammi,
1046 2904 1218 2957 Ciceronem

151 2993 181 3031 ao
196 2978 260 3051 ipso
280 2987 406 3047 tempore
428 2973 576 3026 familiares
599 2982 629 3026 ut
640 2971 734 3040 fortes
753 2975 808 3023 sint
829 2972 950 3039 hortari,
975 2988 1032 3043 qno
1054 2969 1219 3042 suiipsius

146 3040 342 3115 desperatione
361 3056 407 3094 eor
426 3038 550 3094 debilitet
567 3038 741 3110 inficiatque3
767 3038 820 3092 hoc
835 3049 927 3092 autem
951 3037 1009 3092 aius
1026 3037 1107 3090 animi
1123 3034 1219 3090 condi·

151 3110 244 3180 iionia‚
262 3110 362 3181 inqua
381 3116 457 3171 erat,
473 3106 620 3177 proprium
636 3121 710 3173 esse3
728 3116 755 3159 et
772 3105 897 3226 {misnam
913 3103 1039 3158 Ciceroni
1054 3106 1111 3157 noir
1125 3101 1221 3175 ignos-¹

152 3187 192 3232 aar
210 3212 244 3224 -
262 3174 401 3229 hominem
418 3171 526 3225 suisne?
551 3204 582 3213 -
612 3175 740 3241 patietur.
799 3191 840 3225 rn.
861 3169 971 3225 Sabata.
991 3170 1106 3241 aliique:
1128 3172 1222 3235 patio·

151 3253 201 3299 ror.
216 3276 249 3290 -
289 3241 492 3297 Thessalonicae.
526 3237 613 3292 orell.
632 3238 803 3309 suspiratur:
826 3233 1015 3291 Thessalonica.
