2768 4866
471 290 732 353 etenum
874 322 925 351 ·.
1081 283 1135 355 Si)

66 477 193 545 ambitu
205 477 241 545 in
254 475 390 544 Afranii
401 474 622 558 sententium,
644 488 742 560 quens
755 490 824 560 ego
842 471 1013 559 dixeram,
1034 490 1132 559 quun

66 587 104 650 tu
124 581 281 649 adesses.
321 578 394 648 Sed
415 597 543 666 magno
563 598 638 647 oum
657 579 789 668 gemitu
809 583 951 646 senatus
973 579 1133 649 eonsules

67 708 136 755 non
155 692 235 754 sunt
255 687 427 775 persecuti
447 705 561 752 eorum
574 689 784 774 sententias,
807 688 862 775 qui
875 687 1019 754 Afranio
1034 704 1135 775 quum

69 798 187 861 essent
208 793 345 881 offensi,
365 790 586 882 addiderunt,
608 797 647 860 ut
664 798 842 880 praetores
857 794 909 860 ite
924 800 1134 884 crearentur,

67 904 106 967 ut
133 900 208 968 dies
235 899 312 965 LX.
338 898 462 986 privati
489 902 619 965 essent.
672 899 726 966 llo
757 899 815 966 die
839 898 1004 968 Catonern
1033 901 1135 986 plane

13 1022 15 1027 ⁴
67 1006 297 1095 repudiarunt.
353 992 445 1090 'Quid
473 997 607 1073 multa?
641 1009 769 1074 tenent·
790 1007 923 1073 omniur
957 1007 1057 1094 idque
1086 1008 1135 1076 itu

68 1134 186 1183 omnes
207 1114 401 1201 intelligere
421 1113 549 1180 volunt.
575 1137 579 1146 ⁸

421 1393 690 1481 sererent
716 1368 774 1470 x.
837 1470 841 1479 .

148 1564 257 1641 Scripta
277 1566 306 1622 in
326 1546 476 1621 Puteole'no
496 1557 541 1618 vel
558 1557 691 1619 Cumano.
709 1541 813 1617 nense
825 1557 893 1634 Apr.
919 1558 965 1617 rel
989 1557 1060 1618 lleio

223 1661 256 1719 Δ.
278 1659 310 1720 U.
332 1657 444 1719 (1.699
466 1661 506 1733 (a.
528 1655 590 1717 Chr.
614 1657 673 1730 55)
692 1650 789 1716 iisdem
809 1655 981 1716 sonandus
1006 1706 1009 1714 .

64 1795 279 1861 Argumentum.
312 1788 443 1841 Fratrem
460 1786 552 1853 iocose
567 1785 699 1856 castigat,
725 1783 802 1857 quod
818 1784 926 1840 verltru
943 1794 1031 1852 esset,
1054 1800 1089 1838 ne
1106 1755 1149 1838 so*

167 1871 374 1944 interpellaret,
397 1884 535 1941 euntque,
561 1877 593 1923 ut
608 1882 673 1923 mox
689 1859 806 1922 adsolet.
817 1867 984 1922 steininen
1001 1863 1136 1933 adducat,

163 1963 246 2029 rogat
265 1955 352 2022 1-4.

323 2097 516 2169 MARCUS
547 2097 588 2184 Q.
617 2092 796 2187 FRATRI
823 2098 862 2169 S.
933 2120 936 2124 ·

130 2218 201 2289 ''l'u
218 2226 359 2327 metuis,
379 2241 424 2290 ne
444 2241 499 2291 rue
514 2213 742 2329 interpelles‘d
783 2218 946 2312 Primum,
968 2223 999 2290 si
1016 2224 1051 2290 iu
1064 2222 1132 2289 istu
1173 2210 1204 2277 ¹·

66 2425 107 2491 ei,
132 2423 180 2543 <gui
202 2433 364 2503 praetorem
387 2441 440 2496 per
460 2394 592 2491 aurbitum
617 2439 649 2503 ee
671 2422 751 2496 isset,
775 2432 928 2497 propterea
944 2419 1036 2476 fraudi
1053 2430 1133 2477 esset.

61 2488 397 2637 terrestres
408 2486 897 2637 taturus.rtterer
910 2487 1132 2633 arunte

61 2631 244 2740 pervenerat,
269 2638 336 2704 eigs·
349 2624 461 2704 consilia
478 2619 635 2704 omnimodo
653 2620 758 2703 adruunt
778 2631 806 2678 et
824 2634 921 2694 postea
940 2638 1003 2676 eum
1019 2621 1130 2673 Petreio

74 2690 169 2808 &atus
187 2688 313 2759 Poniperr
329 2707 356 2742 ru
374 2689 520 2760 Hrspanre,
537 2705 552 2741 s
572 2688 691 2742 Caesare
712 2697 798 2743 ructus
817 2699 867 2744 est.
910 2689 948 2746 V.
967 2685 1002 2740 ad
1020 2689 1078 2740 att.
1100 2705 1128 2754 r,

102 2795 110 2823 i

64 2772 75 2806 r
126 2770 155 2806 rr
163 2772 172 2822 3
191 2754 350 2834 18⁸·53419,
389 2773 398 2822 3
415 2771 461 2819 no,
476 2755 511 2822 53
528 2753 716 2825 DioCass.37‚
728 2758 770 2826 49.
789 2755 904 2810 Abelten
919 2756 938 2810 1.
951 2771 975 2807 e.
991 2770 1019 2825 p.
1031 2752 1129 2807 155.-

79 2838 142 2872 uum
159 2824 216 2888 eg!
235 2828 305 2881 rust.
319 2834 344 2873 e.
362 2756 397 2874 de
413 2829 575 2890 quaterem
589 2818 700 2881 loeutus
715 2832 807 2887 eram,
825 2819 864 2875 uti
877 2821 985 2878 Manut.
999 2819 1127 2938 sugillent.

88 2903 125 2939 on
141 2895 182 2940 est
199 2885 302 2958 igitur,
318 2883 395 2955 quod
412 2902 475 2938 curn
491 2883 603 2940 sonan.
619 2885 743 2959 legaturr
762 2898 950 2958 contraquam
966 2903 1008 2955 eg.
1043 2887 1054 2936 ί
1072 2930 1078 2944 ,
1093 2918 1128 2932 ..-

61 2953 113 3005 Sed
127 2968 225 3021 magno
244 2969 304 3004 oum
320 2967 388 3008 ⁰¹eur.
403 2966 474 3013 sen„
492 2968 605 3017 eorum,
623 2955 672 3023 qui
689 2953 788 3007 minori
804 2970 921 3007 nurnero
935 2951 1127 3008 dissenserant.

60 3017 128 3073 Ern.
147 3027 175 3071 et
192 3017 303 3074 Setun.
315 2986 344 3070 ir
366 3037 390 3072 r.
411 3016 635 3072 antecedentibus
651 3018 808 3073 iunxerunt.
825 3048 857 3060 -
890 3036 943 3069 non
963 3029 1027 3070 runt
1040 3035 1127 3087 perse-

61 3087 121 3138 euri
134 3084 150 3139 i.
165 3099 189 3138 e.
203 3084 355 3139 noluerunt
368 3081 559 3138 discessionem
573 3084 647 3151 lieri,
666 3086 817 3140 omiserunt
830 3083 864 3137 de
875 3100 974 3137 eorum
986 3083 1127 3138 sententiis

59 3159 185 3204 senatum
208 3153 363 3206 consulere.
380 3180 412 3192 -
446 3162 478 3202 ut
491 3151 545 3201 dies
559 3151 613 3204 LX.
624 3154 694 3230 prio.
712 3164 812 3214 essent,
838 3150 1041 3222 nimirumque
1059 3159 1126 3202 tern-

57 3232 132 3288 pore
167 3227 309 3290 raetores,
331 3232 385 3337 geg
400 3216 533 3296 ambitum
551 3228 651 3296 creatu,
675 3217 927 3299 pnossentaoourari
941 3215 1124 3270 condemnati·

58 3296 118 3354 que
153 3297 168 3333 e
206 3293 319 3345 rsetura
353 3299 411 3336 erret
419 3300 428 3352 3
447 3299 508 3335 nam
522 3299 570 3354 qur
587 3293 677 3336 essent
691 3293 910 3357 rnmagrstratu,
927 3298 975 3337 eos
993 3297 1125 3336 accusare

57 3364 116 3402 non
133 3298 242 3408 liertiae.
276 3353 408 3407 Ceterum
424 3347 446 3402 si
461 3358 539 3402 reete
553 3358 637 3420 atque
651 3349 746 3403 ordine
761 3360 908 3424 ageretur,
923 3365 1030 3402 menses
1045 3348 1125 3430 quiu-

58 3429 118 3486 qus
135 3422 164 3466 et
172 3413 255 3532 ¹guod
272 3415 412 3482 excurrit,
436 3431 483 3470 eos
497 3416 622 3488 privatos
640 3431 699 3469 esse
714 3417 882 3487 oportebat,
903 3429 991 3496 quum
1008 3413 1124 3490 Quintili

55 3494 154 3534 mense
184 3494 232 3533 ere
251 3480 460 3552 designarentur
482 3481 664 3555 magistratus.
703 3482 811 3536 Verum
833 3481 939 3537 nomina
959 3491 1124 3553 praetorum

55 3546 97 3601 ob
121 3555 262 3599 certarnen
287 3545 321 3598 de
345 3545 470 3601 creandis
492 3548 654 3601 consulibus
675 3561 747 3602 anno
768 3547 907 3623 superiori
928 3547 1123 3620 praetermissa

55 3621 147 3667 erant.
181 3614 217 3667 V.
239 3610 273 3664 ad
292 3615 350 3667 Att.
363 3616 396 3680 4.,
410 3613 427 3666 8
441 3618 510 3674 extr,
527 3611 550 3682 §2
563 3631 586 3668 n.
606 3648 639 3658 -
681 3616 805 3666 Catonem
819 3615 860 3669 Μ.
873 3605 1028 3669 Uticensem
1044 3615 1123 3683 plone

55 3677 152 3750 repud.
186 3677 323 3732 Consules
340 3678 486 3748 Pompeius
504 3689 531 3732 et
546 3681 663 3736 Crassus
675 3680 779 3734 nullam
795 3681 853 3735 eius
868 3681 1003 3748 rationem
1020 3679 1124 3734 habue-

54 3755 127 3801 runt
140 3760 297 3817 nomenque
314 3743 373 3798 eius
388 3753 548 3816 praeturum
565 3746 683 3816 petentis
699 3747 826 3820 recipere
841 3747 1001 3801 noluerunt.
1021 3776 1053 3788 -
1086 3756 1123 3798 te·

53 3822 121 3866 sent
137 3827 223 3874 omn,
238 3811 361 3865 omniurn
376 3827 472 3865 rerum
486 3809 672 3870 arbitri-sunt.
740 3856 744 3865 .

475 3897 657 3973 nnsron'n
673 3920 707 3973 x.

124 4009 153 4072 g.
174 4019 198 4055 r.
236 4001 272 4054 Tu
288 4005 382 4056 mstur's
399 4013 451 4059 eto.
484 4001 641 4074 scripserat
656 3999 775 4077 Quintus
791 3999 889 4069 fratri,
910 4017 940 4054 so
957 3998 993 4054 ad
1012 4016 1076 4055 eum
1092 4002 1120 4056 in
1158 3997 1161 4001 ’

52 4067 332 4150 νιὶῑῑειῃονοηωτιιω,
348 4065 399 4124 nisi
415 4069 606 4153 intempestiue
620 4066 679 4122 eius
694 4065 1120 4150 occupationibusinterveniret

50 4150 142 4208 enque
156 4132 383 4193 incommodaret,
402 4170 431 4182 -
463 4155 588 4208 primum.
598 4135 692 4209 ¹,Vulg
705 4151 804 4206 prmo.
818 4166 851 4182 -
884 4152 907 4188 se
924 4152 952 4187 m
967 4145 1021 4187 reto
1039 4151 1120 4187 ssssm
