2768 4866
216 214 265 278 14
354 215 389 275 M.
412 214 441 274 t.
465 213 646 275 CICERONIS
669 213 822 274 El’lSTOL.
845 215 892 274 Al)
915 220 945 286 Q.
968 217 1136 278 FRATREM

213 394 355 460 maxime
370 395 542 460 sustineri.
583 394 624 460 In
645 413 710 480 qua
731 396 897 464 scientiae
916 402 1118 485 pracsertim
1140 405 1287 490 provin-

214 501 311 566 cialis
331 501 420 566 ratio
442 501 517 587 ipsa
536 500 695 587 expedita
713 508 785 568 est:
809 508 1001 572 curtstantia
1017 511 1072 574 est
1089 508 1288 579 adhibenda

213 610 251 671 ct
275 607 452 694 grantae,
487 626 572 693 quae
594 610 736 675 resistat
757 629 825 676 non
848 612 956 676 solum
977 614 1133 702 gratiae,
1167 635 1287 684 verum

161 745 169 762 ·
212 713 313 778 etiarn
341 713 534 799 suspicioni.
587 713 820 802 Adiungenda
850 717 950 781 etiarn
981 721 1036 782 est
1065 716 1222 786 facilitas
1252 723 1286 788 in

212 816 397 907 audiendo,
428 818 553 885 lenitas
582 821 617 885 in
639 819 871 906 decernendo,
902 823 937 887 in
964 824 1213 892 satisfaciendo
1244 847 1284 895 ac

213 923 414 1010 disputando
445 924 635 1012 diligentia.
688 927 752 994 His
780 925 882 992 rebus
910 946 1018 1012 nuper
1046 928 1084 995 C.
1115 927 1286 999 Octavius

211 1031 472 1097 iucundissimus
499 1030 584 1096 fuit:
617 1031 705 1118 apud
732 1050 828 1118 quero
857 1034 981 1118 primus
1011 1035 1110 1100 lictor
1132 1039 1284 1127 quievit3

214 1141 318 1206 tacuit
341 1157 530 1228 accensus5
558 1140 689 1223 quoties
711 1138 850 1224 quisque
871 1139 997 1226 voluit,
1021 1138 1105 1206 dixit
1126 1152 1162 1210 et
1186 1164 1285 1231 quarn

211 1247 321 1313 voluit
350 1245 415 1311 diu.
470 1245 596 1329 Quibus
624 1246 683 1312 ille
704 1247 805 1312 rebus
826 1247 975 1313 fortasse
995 1247 1091 1314 nimis
1113 1248 1211 1315 lenis
1229 1253 1285 1318 vi-

213 1352 368 1440 deretur,
401 1353 467 1417 nisi
495 1352 579 1418 haec
606 1352 729 1421 lenitas
756 1352 848 1418 illato
875 1352 1094 1418 severitatem
1115 1357 1285 1422 tueretur.

213 1457 434 1546 Cogebantur
455 1457 589 1527 Sullani
610 1459 781 1542 hominm,
814 1475 901 1546 quae
927 1459 1135 1544 pertimet
1156 1469 1285 1532 metum

212 1563 442 1651 abstulerant,
471 1561 627 1631 reddere.
679 1565 744 1649 Qui
770 1567 806 1630 in
831 1564 1086 1651 magistratibus
1114 1565 1283 1638 iniuriose

211 1754 335 1803 cineri:
350 1749 499 1818 contineri,
519 1762 654 1805 constare.
673 1782 705 1794 -
738 1752 861 1805 terentiae
870 1767 957 1819 praes.
970 1753 1087 1820 provinc.
1104 1756 1179 1804 ratio
1187 1774 1200 1818 ,·
1220 1772 1282 1812 sen.

211 1835 274 1871 sus:
291 1818 359 1872 iuris
374 1816 482 1870 dicundi
495 1818 522 1870 in
537 1817 680 1888 provincia
694 1817 766 1870 ratio
780 1818 868 1870 multo
881 1817 988 1869 facilior
1002 1826 1043 1870 cst
1057 1833 1141 1888 quam
1156 1821 1283 1892 Romae3

232 1884 276 1936 uia
295 1885 446 1956 litigatores
467 1894 515 1936 aot
535 1882 719 1952 provinciales
739 1884 867 1952 (Graeci)
889 1893 953 1935 suut
974 1892 1021 1936 aut
1040 1882 1232 1953 negotiatores
1255 1901 1283 1944 ct

209 1900 418 2012 acuereturcs,
435 1967 506 2020 quos
517 1948 591 2000 baud
609 1949 758 2003 difficulter
775 1950 916 2001 continere
934 1949 1038 2018 possis,
1055 1949 1160 2002 Romae
1179 1965 1282 2010 eontra

209 2016 345 2097 litigantes
364 2033 446 2086 saepe
468 2015 555 2086 gratia
576 2025 605 2068 et
626 2014 726 2093 opibus
746 2015 853 2087 pollent
872 2015 992 2094 ideoque
1008 2015 1204 2088 reluctantur3
1232 2033 1282 2076 aut

210 2099 294 2154 quta,
314 2091 347 2134 ut
362 2083 443 2133 Face.
458 2081 584 2148 adnotat,
608 2080 687 2132 facule
707 2092 768 2134 erat
784 2082 825 2134 ids
841 2079 932 2133 dicere
948 2100 975 2134 tn
992 2081 1147 2153 provincia,
1171 2085 1199 2137 iu
1221 2104 1281 2158 qua

210 2156 371 2219 aequatam
387 2146 489 2199 multae
504 2147 594 2218 leges,
611 2161 703 2216 neque
719 2157 793 2202 tanta
809 2148 994 2200 formularum
1011 2147 1090 2218 quasi
1105 2154 1282 2220 superstitio.

211 2245 243 2257 -
260 2214 404 2282 suspicioni
418 2214 520 2284 gratiae
538 2230 587 2265 seu
604 2213 726 2287 partium
742 2213 834 2267 studii.

281 2287 307 2343 ς.
324 2295 363 2332 ur.
397 2280 613 2341 indecernendo,
629 2279 759 2334 incautis
776 2297 808 2333 co
828 2277 985 2346 noscendis,
1002 2278 1135 2331 sententia
1150 2279 1279 2338 dicunda.

173 2390 178 2395 .
210 2377 243 2389 -
254 2342 451 2410 satisfaciendo,
466 2343 633 2399 deleniendis
650 2362 682 2398 ae
694 2297 908 2417 tranquiilandis
922 2345 963 2411 iis,
981 2343 1115 2399 adversus
1128 2362 1201 2425 quos
1216 2367 1279 2404 sen·

210 2412 294 2466 tentia
311 2410 393 2463 datur
399 2431 409 2479 3
426 2412 501 2482 quod
518 2412 582 2464 facit
599 2412 696 2480 iudex,
722 2415 771 2466 ubi
790 2411 900 2465 decreta
920 2428 970 2464 sua
989 2421 1086 2464 eontra
1104 2411 1276 2471 obtectioues

210 2477 442 2551 exceptionesque
457 2478 619 2546 litigantium
637 2478 802 2561 argumentis
820 2475 940 2530 defendit
962 2486 1045 2547 atque
1070 2478 1195 2533 sustinet.
1213 2484 1275 2538 ,Dc

210 2543 261 2596 hac
276 2546 302 2597 vi
318 2562 341 2598 v.
355 2543 527 2610 rutiffueere,
543 2560 599 2626 qua
612 2544 757 2614 significat:
775 2561 835 2598 rem
849 2545 885 2596 ita
899 2541 1089 2596 demonstrare
1103 2555 1131 2598 et
1144 2546 1273 2599 obiectio·

209 2609 291 2664 nibus
308 2625 353 2663 res
375 2613 490 2669 audere.
504 2620 535 2663 ut
551 2628 578 2664 ru
591 2627 624 2663 eo
642 2626 672 2662 ac
696 2611 843 2674 mascator,
860 2609 961 2662 v.Ern.
979 2610 1013 2660 el.
1024 2609 1151 2664 Cicerou.
1166 2629 1186 2664 s.
1198 2631 1221 2664 v.
1239 2622 1268 2663 et

208 2693 292 2749 quem
308 2677 345 2731 ibi
356 2629 457 2731 iaudat
466 2676 521 2731 Cic.
530 2679 614 2733 Verr.
627 2674 656 2741 3,
670 2628 709 2730 ἕω.
725 2676 774 2728 ubi
789 2674 943 2742 suttitfueere
955 2675 1083 2726 titdt'ct‘dut
1098 2675 1165 2729 idem
1181 2687 1223 2730 est
1236 2693 1267 2746 q.

208 2745 314 2797 remiis
329 2743 460 2814 probare.
475 2776 509 2787 -
542 2744 709 2811 disputando.
733 2744 878 2811 Disputare
891 2757 978 2811 quum
995 2757 1050 2793 non
1067 2743 1103 2797 sit
1116 2743 1271 2822 praetoris,

208 2810 349 2863 Manutius
365 2808 513 2883 legendum
532 2808 652 2864 censuit:
678 2810 861 2878 dztceptundo,
885 2824 967 2928 guam
988 2808 1204 2863 emendationem
1224 2809 1272 2861 str-

208 2891 285 2927 mare
304 2886 417 2929 conatus
436 2886 477 2929 est
493 2876 554 2930 loeo
574 2875 629 2929 Cic.
658 2876 733 2929 Part.
756 2885 826 2928 orat.
845 2893 869 2928 c.
910 2893 917 2926 τ
942 2873 1011 2926 Num
1032 2887 1080 2925 aut
1101 2876 1273 2927 auscultator

209 2952 248 2992 cst
256 2978 266 3002 ,
283 2941 359 2992 modo
376 2946 424 3010 qut'
435 2943 524 3004 audit,
550 2953 598 2993 (tut
615 2943 776 3010 dt‘seeptutor
783 2979 793 3003 ,
815 2942 832 2994 i.
848 2957 872 2995 e.
894 2942 935 2991 ret'
948 2941 1139 3011 sententiaeque
1154 2943 1275 2993 enodaru-

208 3018 263 3060 tor.
297 3006 392 3059 Lectio
416 3007 574 3075 disputando
592 3007 613 3058 si
628 3007 744 3078 genuina
759 3017 815 3073 est,
834 3006 872 3058 ad
888 3005 1024 3074 litigantes
1041 3017 1195 3077 spectaret,
1214 3009 1276 3080 qui-

208 3071 262 3125 bus
276 3070 358 3124 iudex
376 3072 481 3125 veniam
498 3073 569 3127 inter
589 3089 619 3124 se
642 3082 747 3124 etcum
765 3073 825 3143 ipso
845 3070 1001 3143 disputandi
1018 3070 1167 3135 concedat,
1185 3084 1214 3127 et
1232 3092 1276 3127 re·

208 3148 306 3221 spectu
326 3143 372 3190 rori
393 3138 579 3204 tuttssrsuct'endo
599 3138 730 3207 hysteron
751 3148 888 3208 proteron
907 3136 1115 3191 contineret-
1152 3142 1179 3193 C.
1193 3143 1276 3194 Oeta-

208 3223 282 3267 utus,
296 3203 414 3275 Augusti
430 3214 520 3275 pater,
534 3221 567 3257 cx
581 3215 713 3276 praetura
729 3205 800 3258 rexit
815 3202 1005 3257 Macedoniam
1042 3203 1191 3257 rovinciam
1210 3223 1275 3276 pro·

207 3271 321 3325 consule
338 3268 435 3324 eodem
456 3279 599 3342 tempore,
631 3288 688 3342 quo
710 3271 743 3347 Q.
768 3272 867 3325 Cicero
888 3270 980 3323 Asiam
1000 3220 1217 3326 aimintstrabat.
1248 3292 1274 3325 v.

207 3338 320 3391 Sueton.
337 3339 382 3391 Au
403 3379 407 3388 .
424 3336 447 3390 3.
463 3335 535 3389 infra
552 3355 596 3407 ep.
613 3355 636 3390 a.
655 3345 680 3405 5.
696 3356 719 3406 7.
738 3334 771 3388 ad
786 3341 841 3390 Att.
859 3353 889 3403 o,
907 3354 935 3401 r,
955 3352 992 3388 ta.
1009 3370 1042 3381 -
1074 3338 1177 3405 primus
1191 3339 1275 3390 lictor

208 3403 319 3457 Schiitc.
337 3412 523 3456 comesturam
541 3404 710 3483 Malaspinac
722 3403 837 3470 primum
856 3404 935 3453 lictor
952 3401 1075 3474 recepit3
1099 3401 1190 3458 Orell.
1206 3421 1273 3457 con-

208 3477 253 3522 tra
271 3481 379 3525 monet:
396 3491 411 3522 s
434 3470 516 3519 ta'mus
532 3469 611 3520 lictor
626 3467 714 3535 idem,
731 3469 780 3538 qui
797 3467 877 3532 alibi,
895 3467 928 3518 de
942 3468 1032 3523 Dicin.
1049 3487 1071 3522 1.
1087 3475 1110 3534 §.
1125 3468 1165 3535 59.
1181 3472 1272 3526 Verr.

208 3550 240 3600 a,
257 3535 281 3589 5.
301 3553 323 3587 c.
340 3538 380 3603 54.
406 3488 474 3592 gall.
487 3535 546 3607 [ug.
566 3551 604 3588 to.
620 3535 757 3603 Inscripti.
773 3550 857 3586 mear.
874 3536 934 3588 Lat.
948 3534 982 3588 N.
998 3534 1071 3588 3218.
1088 3535 1167 3585 lictor
1177 3539 1274 3603 proci-

207 3617 284 3662 mus,
308 3600 358 3652 nisi
380 3602 432 3656 hoo
449 3618 563 3673 quoquc
585 3602 646 3653 loco
665 3605 770 3670 prtinus
793 3608 958 3670 corruptum
978 3602 1176 3669 emeremus«
1210 3601 1274 3654 Pri.

207 3683 269 3718 ntus
284 3669 465 3735 s.pr0rimus
480 3668 563 3721 lictor
578 3677 619 3719 est
634 3668 659 3719 in
676 3666 746 3720 serie
764 3666 947 3719 incedentium
962 3666 1092 3720 lictorum
1108 3665 1222 3718 ultimus
1244 3677 1274 3722 ct

207 3732 332 3802 proxime
350 3733 514 3801 praecedens
531 3751 573 3787 ma
594 3734 726 3787 istratum.
752 3749 777 3786 v.
795 3732 870 3812 Lips.
889 3733 976 3788 Elect.
995 3752 1026 3801 1,
1040 3732 1079 3785 ud.
1094 3765 1127 3774 -
1160 3733 1273 3802 quierat,

207 3814 263 3850 uon
279 3797 436 3869 obstrepuit
453 3810 536 3870 atque
555 3749 692 3854 siientium
705 3799 850 3869 imperavit
865 3795 1026 3852 dicentibus.
1042 3830 1073 3840 -
1108 3797 1183 3848 illum
1200 3816 1273 3852 seuc-

206 3865 300 3925 rt'tut.,
318 3863 395 3917 cuius
410 3869 564 3936 exemplum
579 3866 670 3920 statim
685 3866 774 3918 offert.
790 3897 823 3908 -
852 3877 983 3927 tueretur,
1000 3861 1171 3929 defenderet,
1187 3879 1273 3916 crcu-

207 3939 288 3984 saret.
305 3960 338 3971 -
372 3932 479 3982 Sullani
491 3935 616 3995 homines,
633 3933 682 4006 qui
699 3932 829 3987 Sullanae
844 3930 970 3986 factionis
990 3928 1089 3981 auxilio
1106 3928 1133 3981 in
1149 3928 1272 3983 aliorum

206 3993 279 4073 bpna
294 3995 472 4066 irrepserant.
492 3998 568 4056 hbes.
585 4032 618 4043 -
651 4011 766 4060 metum,
793 3997 886 4052 minas.
899 4029 933 4042 -
966 3998 993 4046 t'n
1008 3997 1163 4062 magestrat.
1179 4012 1272 4067 oppo-

199 4072 282 4116 attur
300 4077 358 4132 seq.
376 4064 499 4129 priuatas.
