2768 4866
322 340 346 347 Ν,
414 277 553 342 linit
574 277 734 341 :linxit
951 216 952 220 Ἰ
1048 272 1122 343 ror

57 461 236 531 deerimus.
271 501 277 515 -.
300 463 522 536 &statanor
543 459 777 541 thessalicus,
800 473 1008 544 quemquam
1023 473 1060 524 a
1086 461 1123 525 to

57 574 169 637 sctum
187 569 346 639 tabellum
365 567 567 637 videremus
586 563 732 654 festive,
744 563 844 630 nullo
860 563 956 631 modo
969 563 1122 650 probavi.

58 674 342 741 lenissumo-ad
356 673 419 759 id,
438 673 664 762 quodruescio
677 690 726 738 su
742 671 882 757 primum
897 689 976 738 esse
991 671 1122 739 debue-
1161 674 1200 743 4.

57 784 111 850 rit.
148 779 473 854 ·0··iucuudos;uini
500 779 843 850 mordensimnis
867 774 1008 847 literas!
1057 780 1121 847 Ti·

55 889 184 957 mshsm
198 888 404 973 ›ilcosuum-.,··
411 887 573 957 timemus
593 886 674 953 litus
692 886 837 954 insulse.
891 886 1035 975 Reliqua
1053 903 1122 955 non

55 994 210 1081 equidem
226 998 426 1080 ,mammam
445 991 509 1061 sed
530 991 753 1079 plushuheut
772 999 885 1062 tamen
907 995 1001 1084 spei,
1022 1012 1123 1081 quam

54 1101 204 1191 timoris,
219 1102 396 1188 magisque
409 1119 484 1164 sum
497 1098 664 1165 sollicitus
677 1103 932 1188 exspectatione
947 1120 1006 1188 eu,
1024 1119 1124 1189 quam

56 1211 158 1273 netu
179 1212 193 1259 τ’
209 1207 373 1274 nervom
395 1202 763 1274 secessio-scribendi
790 1209 971 1301 egregium
996 1207 1125 1277 habere

55 1300 167 1397 uideo.
197 1305 303 1397 ..Quos
324 1313 361 1385 tu
375 1310 486 1402 situs,
498 1329 591 1400 ¹¹quus
614 1316 755 1379 neturus
776 1320 945 1382 rerumet
962 1314 1123 1406 locorum,

55 1441 141 1513 quos
159 1412 307 1513 moresp.
325 1437 426 1516 quus
437 1424 562 1511 ‘gentes
573 1467 600 1507 ,,,
614 1434 711 1506 quus
724 1430 883 1509 pugnas,
915 1439 1012 1509 quem
1039 1441 1124 1491 vero

55 1516 164 1618 ipsum
180 1531 415 1616 imperatorem
432 1520 561 1592 hahes!
603 1527 684 1620 Ego
705 1530 742 1593 te
762 1526 925 1616 libenter,
946 1532 985 1594 ut
1006 1547 1124 1619 rogus,

53 1629 291 1724 qufflusrehus
305 1630 582 1722 'uis,3.udiuuobc,
605 1631 717 1699 ettihi
735 1652 879 1721 versus,
900 1653 985 1720 quos
1003 1654 1124 1722 rogus,

55 1742 407 1829 ,lecastrensem
423 1742 563 1808 mittem.
605 1739 680 1810 Sed
698 1739 862 1831 haustu,
884 1740 987 1809 celari
1005 1740 1126 1810 videor
1165 1747 1201 1815 d.

56 1867 79 1916 a
106 1853 153 1917 te.
179 1838 475 1938 ¹‹Quomodousm,
508 1848 553 1914 mi
580 1846 707 1934 irater,
739 1847 782 1914 dc
809 1849 937 1914 uostris
964 1848 1124 1916 versibus

56 1946 238 2025 saesart=³
251 1944 342 2043 lium
355 1955 495 2044 primum
510 1946 630 2021 librum
649 1955 840 2043 selegisse
857 1955 995 2048 scripsit
1008 1944 1055 2023 sd
1068 1972 1125 2025 me

56 2162 156 2219 torem,
169 2153 218 2224 qui
233 2151 267 2205 de
281 2149 444 2223 repetundis
456 2149 597 2223 quaesivit.
610 2180 644 2197 --
672 2168 745 2203 eram
761 2150 917 2217 defensurus
930 2144 1124 2205 seclusarum.

56 2219 255 2290 praeeuntibus
280 2218 376 2272 hamb.
397 2228 424 2271 et
445 2219 513 2271 Eru.
539 2216 622 2288 Vulg.
639 2218 755 2269 aderam.
780 2249 814 2262 -
855 2219 1018 2279 Eustriacum
1040 2220 1126 2295 Σοφο.

57 2288 157 2346 κλέους,
198 2281 340 2336 illuditur
362 2280 396 2335 ad
418 2283 561 2353 satyricam
581 2283 726 2355 Sophoclis
747 2281 869 2334 fabulam
891 2282 971 2336 huius
992 2283 1124 2349 nominis,

57 2363 130 2429 quae
143 2367 196 2402 nou
210 2358 305 2402 exstat.
339 2351 380 2402 De
394 2348 499 2420 reipsa
514 2366 570 2402 non
588 2349 715 2403 convenit
731 2347 803 2401 inter
817 2347 991 2420 interpretes.
1025 2351 1123 2403 Manu·

56 2423 110 2468 trus
126 2425 205 2485 putat
219 2412 392 2487 intelligenda
409 2430 469 2468 esse
485 2414 570 2468 verba
587 2413 620 2468 de
637 2415 762 2468 convivio
776 2430 911 2485 perquam
928 2414 1007 2467 simili
1021 2430 1124 2468 coense

57 2480 86 2534 in
106 2481 200 2535 sahuls
219 2480 266 2533 illa
284 2479 441 2550 Sophoclea
459 2479 630 2551 descriptae,
655 2481 700 2534 cui
717 2480 874 2534 interfuerit
890 2480 1028 2557 Quintus,
1050 2490 1079 2534 et
1096 2480 1124 2533 in

57 2563 115 2618 quo
129 2545 196 2617 quid
213 2546 265 2600 sibi
280 2545 426 2612 occiderit,
443 2556 607 2601 narraverat
622 2547 704 2602 fratri
720 2547 747 2600 iu
763 2545 896 2617 epistola;
914 2561 971 2617 qua
989 2545 1017 2598 in
1033 2562 1064 2598 re
1080 2545 1124 2600 Ci-

55 2628 121 2665 cero
137 2623 217 2686 negot
233 2629 263 2665 se
278 2624 436 2671 ceterorum
452 2612 631 2666 convivarum
648 2613 807 2668 sententiam
825 2611 967 2682 probare,
990 2611 1124 2688 Quintum

57 2694 124 2731 vero
144 2679 298 2748 prudenter
316 2695 345 2732 se
362 2679 476 2749 gessisse
494 2679 634 2757 ccucpdat.
675 2681 718 2734 ef.
738 2690 829 2734 tamen
845 2694 918 2750 quse
934 2679 1044 2732 Ernest.
1064 2675 1125 2733 lud.

55 2745 240 2801 Gracco-lat.
259 2762 280 2798 s.
297 2761 322 2796 v.
339 2743 373 2797 de
391 2746 416 2796 h.
433 2745 452 2797 i.
469 2745 591 2798 coniecit.

124 2843 152 2905 s.
169 2840 195 2904 4.
229 2837 260 2886 de
274 2837 428 2898 Britannia,
443 2834 476 2888 de
487 2833 607 2889 adventu
626 2846 718 2890 vestro
734 2836 760 2889 iu
771 2838 803 2889 Β.
816 2867 849 2878 -
882 2836 1004 2908 Reliqua,
1019 2835 1125 2889 beilum

56 2901 85 2959 in
99 2901 241 2955 Britannia
259 2899 417 2972 gerendum.
431 2933 463 2943 -
497 2904 632 2974 magisque
645 2920 704 2954 sam
718 2902 777 2954 soll.
795 2919 865 2970 casp.
879 2920 910 2953 ea
924 2920 966 2973 qa.
982 2914 1053 2956 metu
1068 2901 1086 2956 i.
1101 2917 1126 2955 e.

57 2967 246 3023 sollicitudinis
262 2983 339 3020 meac
357 2984 412 3020 non
428 2976 483 3020 tam
499 2977 605 3033 metus,
622 2968 773 3023 othelium
791 2966 866 3022 vobis
878 2967 1024 3036 succedat,
1042 2983 1126 3023 causa

56 3044 107 3101 est,
122 3051 207 3105 quam
222 3050 267 3087 exs
290 3033 386 3086 estatio
403 3033 503 3086 huiusi
525 3035 580 3086 sius
594 3050 744 3088 successus.
759 3067 792 3083 ·-
824 3033 965 3102 ὑπόθεσιν,
982 3051 1126 3107 argumen-

56 3110 118 3154 tum
137 3111 165 3154 et
182 3110 323 3154 matonam
341 3098 482 3152 scribendi
508 3110 613 3155 ortasse
629 3100 778 3154 historiam.
813 3101 856 3156 Cf.
877 3120 910 3157 su
931 3118 963 3155 ra
978 3117 1022 3171 ep.
1038 3101 1083 3168 ιδ,
1097 3103 1125 3166 4.

56 3166 216 3234 coll.15,s;
234 3167 305 3221 infru
322 3166 418 3238 3,5,4.
435 3198 467 3208 -
485 3185 573 3218 versus
590 3185 695 3239 qaosro
715 3185 757 3229 as,
771 3167 873 3238 quibus
888 3119 929 3222 ap
938 3166 1126 3237 opusBritaa·

58 3232 149 3285 nicum
166 3241 303 3286 uteretur.
338 3233 373 3286 V.
393 3233 512 3298 infra3,
533 3250 562 3297 1,
583 3251 629 3284 rr:
662 3185 718 3284 Pii}
734 3234 804 3306 qaod
820 3250 904 3303 rogas
910 3274 921 3298 ,
939 3234 1062 3305 quoniam
1075 3233 1128 3301 ipsi

46 3296 144 3369 sontes
158 3300 211 3349 a'om
226 3301 338 3361 sitiunt,
361 3297 464 3370 siquid
479 3298 574 3350 habebo
592 3302 723 3366 spatium,
741 3300 862 3354 scrs’bum.
895 3291 927 3368 i,
942 3303 972 3366 ipa
998 3299 1028 3349 ds
1045 3298 1126 3349 versi·

58 3365 123 3426 das,
148 3382 212 3436 quos
234 3367 285 3416 tibi
305 3384 321 3417 a
336 3383 376 3416 ms
392 3364 475 3417 scribi
490 3367 538 3416 ast.
570 3364 601 3429 5,
617 3367 649 3428 4²
674 3365 752 3427 Quod
766 3382 806 3416 me
823 3377 848 3417 ts
864 3362 1125 3430 versibussacicndis

59 3447 153 3498 rogas.
172 3463 205 3474 -
237 3433 334 3502 γλαῦκ’
351 3435 383 3497 εἰς
401 3430 533 3499 Ἀθήνας,
549 3439 678 3482 noctuam
692 3430 813 3484 Athones
831 3438 882 3499 (sc.
897 3440 1013 3503 portare
1031 3428 1126 3484 vanit-

57 3502 143 3563 tero).
179 3497 363 3551 Proverhiurn
377 3495 411 3550 ds
426 3497 467 3566 iis,
481 3497 530 3568 qui
544 3495 602 3550 aliis
615 3493 736 3549 afferunt
752 3511 797 3548 eas
810 3512 867 3565 res,
882 3497 984 3568 quibus
998 3495 1025 3548 hi
1039 3495 1125 3549 abuu-

58 3559 133 3615 dant.
169 3563 281 3617 Athenis
302 3564 372 3616 enim
394 3581 450 3618 uon
472 3564 562 3616 solum
583 3578 625 3614 ma
645 3578 681 3614 ua
694 3571 860 3619 noctuarum
876 3567 956 3635 copia
973 3571 1050 3629 erat,
1075 3560 1125 3616 sed

58 3629 163 3682 nummi
185 3644 299 3710 quoquc
324 3639 424 3682 noctus
444 3628 544 3750 siphori
565 3578 700 3683 celciam.
734 3627 887 3703 Bentivogl.
909 3627 943 3683 ad
963 3628 989 3682 h.
1002 3628 1021 3681 1.
1043 3627 1125 3683 affert

59 3695 154 3749 locum
170 3711 203 3747 ex
217 3700 319 3748 Arrost.
334 3693 448 3750 Orlsnd.
489 3714 531 3753 ur.
548 3711 572 3749 c.
590 3698 643 3762 140.
660 3705 692 3748 st.
707 3714 738 3749 r:
762 3693 872 3758 Portar,
890 3713 960 3749 coms
976 3697 1002 3745 si
1017 3695 1089 3758 dice,
1106 3711 1125 3745 a

60 3761 139 3812 Samo
153 3763 226 3822 vasi,
249 3760 357 3813 Nottolo
373 3779 389 3810 a
405 3765 505 3823 sareas,
528 3782 541 3812 c
558 3761 690 3815 crocodili
701 3779 717 3812 a
728 3762 829 3828 Egitto.
863 3761 978 3832 Legitur
995 3761 1045 3814 hoc
1061 3759 1125 3814 uda·

59 3825 135 3899 gium
155 3827 235 3881 etiam
254 3825 289 3880 ad
307 3825 361 3880 div.
378 3828 408 3892 h,
421 3826 446 3880 3.
466 3846 499 3898 9,
512 3827 536 3880 3.
569 3826 673 3881 Sensus
690 3826 773 3900 igitur
790 3836 847 3881 est:
866 3827 928 3881 Tibi
950 3843 1046 3881 versus
1065 3824 1124 3881 ruit·

60 3902 131 3962 tam,
147 3893 212 3948 licet
225 3892 327 3964 tuipse
344 3908 438 3947 versus
452 3892 556 3964 optimc
567 3893 660 3947 facias.
856 3901 858 3906 '

129 3991 155 4053 S.
173 3984 198 4039 5.
230 3986 263 4064 ds
279 3996 347 4040 nost.
368 4000 435 4038 vers.
458 3985 556 4036 Caesar
572 4000 611 4038 sc.
628 3981 738 4037 iudicat.
770 3982 817 4063 pf·
838 3983 983 4064 suprauud
1001 4000 1046 4101 ep.
1064 3981 1123 4034 1511
1180 3963 1184 3985 Ι

60 4054 134 4171 le*
148 4051 278 4169 reu
299 4052 397 4170 usu
413 4049 858 4172 truculentus
1030 4048 1123 4108 lu·

85 4132 130 4170 res
166 4133 181 4169 e
209 4133 317 4189 emporu
338 4133 440 4173 ussuts
465 4136 474 4171 ι
495 4134 542 4172 rs
579 4133 623 4190 gur
821 4134 836 4171 r
