2768 4866
450 324 455 329 ,
530 243 593 305 ura.
614 244 633 303 r.
677 244 726 304 uc.
749 243 768 302 r.
1141 236 1183 303 ra

124 431 193 492 tam
213 425 418 511 corruptrice
436 422 613 509 provincia
633 419 746 487 divina
767 420 944 487 videantur
959 438 1102 488 necesse
1116 426 1182 489 est.

124 532 219 599 llaec
246 531 409 598 institutio
437 533 538 615 atque
566 530 651 595 haec
677 527 853 614 disciplina
878 532 992 615 potest
1012 529 1183 596 sustinere

126 641 161 705 in
190 639 290 705 rebus
320 634 511 702 statuendis
539 638 574 700 et
601 632 823 700 decernendis
851 652 925 699 eam
950 637 1185 719 severitatem,

126 767 191 835 qua
219 751 256 811 tu
284 746 319 809 in
344 743 386 806 iis
413 740 515 806 rebus
536 760 618 806 usus
640 758 697 830 es,
729 760 773 807 ex
794 740 913 827 quibus
934 741 1112 807 nonnullas
1132 741 1184 807 si-

124 854 283 920 multates
312 869 384 915 cum
410 866 536 935 magno
562 865 637 912 mes
661 846 791 912 laetitio
811 834 991 932 susceptas
1012 846 1183 913 babemus.

125 960 205 1025 Nisi
224 958 312 1022 forte
333 975 385 1022 me
405 953 545 1020 Paconii
565 953 681 1020 nescio
705 953 819 1038 cuius,
841 952 981 1019 hominis
1003 970 1046 1018 ne
1064 951 1187 1018 Graeci

125 1064 259 1152 quidem
286 1081 327 1128 ac
350 1060 454 1147 lllysii
482 1063 541 1126 out
567 1059 718 1146 Phrygis
745 1061 858 1146 potius
885 1060 1032 1146 querelis
1059 1058 1187 1124 moveri

126 1172 227 1256 putas
249 1171 306 1234 aut
327 1166 505 1255 Tuscenii,
527 1164 670 1230 bominis
687 1165 806 1231 furiosi
823 1186 863 1232 ac
880 1165 1008 1231 sordidi
1027 1164 1200 1251 vocibusp

127 1276 221 1341 cuius
242 1280 279 1340 tu
301 1293 344 1340 ex
365 1272 596 1367 impurissimis
622 1270 776 1336 faucibus
797 1270 1102 1337 inhonestissimam
1123 1289 1186 1336 cu-

127 1383 300 1470 piditatem
321 1380 477 1466 eripuisti
496 1394 624 1443 summa
644 1395 718 1445 cum
739 1376 920 1461 aequitate.

206 1489 302 1562 Haec
324 1492 359 1553 et
381 1470 496 1553 cetero
516 1484 618 1570 plena
636 1482 851 1560 severitatis.
872 1500 959 1568 quae
979 1483 1130 1551 statuisti
1149 1485 1185 1549 in
1206 1477 1284 1554 v11.
1304 1475 1361 1547 8⁰.

124 1598 194 1662 ists
219 1593 417 1682 provincia,
446 1609 514 1655 non
541 1588 642 1655 facile
663 1589 738 1653 sine
758 1606 886 1654 summo
906 1584 1104 1678 integritate
1123 1608 1186 1659 su·

126 1703 351 1787 stineremus3
373 1715 475 1783 quare
489 1696 535 1760 sit
552 1712 680 1760 summa
693 1695 729 1759 in
749 1694 821 1763 iure
842 1693 985 1760 dicundo
1004 1696 1184 1785 severitas,

128 1803 302 1872 dummodo
327 1821 368 1870 es
387 1820 431 1869 ne
453 1801 602 1867 varietur
622 1801 757 1889 gratis,
786 1801 852 1868 sed
879 1805 1102 1870 conservetur
1121 1820 1184 1868 oe-

127 1912 281 1998 quabilis.
330 1908 403 1976 Sed
429 1913 542 1975 tamen
561 1909 660 1994 parvi
681 1908 787 1975 refert
807 1909 869 1975 abs
893 1910 1022 1995 teipso
1043 1909 1097 1974 ius
1119 1907 1185 1974 dici

126 2017 348 2106 aequabiliter
367 2019 404 2083 et
424 2014 625 2102 diligenter,
645 2016 712 2081 nisi
731 2015 820 2084 idern
841 2016 883 2082 ob
904 2016 947 2082 iis
968 2015 1043 2101 fiet,
1066 2015 1185 2102 quibus

126 2106 173 2191 tu'
185 2125 258 2190 eius
278 2123 424 2189 muneris
445 2122 590 2208 aliquam
609 2124 739 2208 partem
760 2121 983 2188 concesseris.
1032 2122 1086 2187 Ac
1104 2119 1186 2186 mibi

126 2231 260 2318 quidem
285 2233 420 2298 videtur
446 2249 514 2296 non
541 2248 624 2295 sone
651 2246 777 2315 magna
796 2227 947 2293 varietas
969 2244 1049 2292 esse
1069 2244 1183 2313 nego-

128 2339 247 2405 tiorum
263 2338 298 2402 in
315 2334 577 2402 administranda
593 2337 697 2424 Asia,
718 2333 781 2401 sed
802 2351 844 2400 ea
864 2337 937 2400 tots
955 2332 1184 2402 iurisdictione

128 2483 284 2553 ruptionem
300 2489 328 2534 ct
344 2479 547 2551 improbitatem
564 2480 698 2536 alliciente
713 2481 749 2536 ob
767 2479 885 2548 divitias,
906 2482 1003 2535 luxum
1018 2497 1183 2554 morumque

127 2549 299 2619 pravitatem.
313 2580 345 2591 -
370 2550 513 2608 rusticatio,
532 2559 659 2602 constans
675 2559 758 2620 atque
773 2548 925 2619 aequabilis
943 2548 1039 2631 agendi
1056 2549 1136 2602 ratio.
1150 2579 1184 2595 -

126 2617 274 2676 sustinere,
297 2611 446 2666 defendere
462 2623 490 2666 et
507 2615 578 2666 tucri
596 2625 692 2668 contra
710 2613 929 2668 adversariorum
945 2615 1184 2686 vituperationem.

127 2713 162 2724 -
178 2681 205 2730 r'n
218 2680 295 2730 rebus
306 2680 456 2730 statuendis
472 2691 497 2730 et
514 2681 677 2732 decernendis
698 2680 714 2735 i.
732 2697 754 2734 e.
772 2681 800 2734 in
816 2681 1032 2736 institutionibus
1049 2681 1183 2750 imperan-

129 2743 170 2798 dis
183 2744 335 2815 litibusque
349 2743 533 2798 diiudieandis.
547 2778 579 2788 -
608 2751 634 2798 in
650 2750 683 2799 ι’ίε
698 2748 775 2799 rebus
790 2774 822 2796 =
835 2748 863 2800 in
877 2747 908 2801 iis
924 2752 1012 2802 causis
1027 2765 1049 2800 s.
1064 2745 1181 2800 casibus.

129 2842 162 2853 -
178 2811 306 2863 sinrultut.
314 2848 325 2872 ,
342 2810 491 2864 inimicitias
507 2813 637 2866 occultas.
654 2846 686 2856 -
721 2831 780 2866 oum
797 2831 883 2880 magn.
900 2832 956 2866 ntea
974 2817 1035 2866 laet.
1050 2815 1182 2881 Praepos.

127 2893 188 2927 cum
212 2875 237 2930 h.
253 2875 271 2928 l.
298 2875 408 2929 modurn
425 2878 558 2931 rationem
581 2895 632 2944 ue,
657 2893 713 2950 qua
738 2879 789 2931 hoc
808 2879 912 2932 factum
933 2881 981 2946 sit,
1006 2878 1112 2933 indicat.
1149 2879 1184 2932 V.

129 2942 235 3011 Zumpt.
253 2947 277 3008 ς.
286 2944 342 3010 472.
359 2975 393 2984 -
415 2956 548 3013 susceptas
559 2895 686 2997 (iubemus
700 2971 732 2993 =
746 2946 915 3016 suscepimus
931 2950 966 3002 V.
975 2949 1084 3017 Zumpt.
1094 2949 1115 3014 §
1126 2942 1183 3012 634.

128 3039 161 3050 -
170 3008 298 3061 Paeonius
312 3017 339 3060 et
350 3010 486 3060 Tuscenrin
499 3026 588 3080 aeque
601 3011 685 3083 ignoti
700 3021 803 3064 suntac
817 3023 928 3082 peecata
944 3011 1094 3078 eorum‚ob
1131 3026 1182 3064 uae

126 3089 222 3127 severe
238 3073 349 3128 co'e'rciti
371 3076 476 3128 Romae
501 3075 634 3198 {trintum
654 3079 791 3131 incusasse
811 3077 945 3132 videntur.
969 3112 1002 3122 -
1040 3096 1072 3129 uc
1125 3079 1182 3145 prii.

129 3139 483 3212 Vulg.e1bibetntMysii.
532 3161 582 3199 am.
598 3144 650 3198 sed.
685 3145 747 3197 Non
766 3160 831 3197 raro
849 3144 1059 3214 praecedentem
1077 3152 1183 3196 senten·

126 3205 192 3260 tiam
207 3217 350 3276 negantem
366 3207 492 3278 sequitur
508 3210 576 3275 alia,
600 3225 656 3280 qua
672 3209 840 3263 contrarium
855 3210 929 3265 illius
944 3212 1104 3282 profertur,
1120 3208 1183 3260 inci·

127 3270 207 3342 piens
225 3273 316 3326 verbis
333 3292 382 3335 uc,
404 3285 448 3334 et,
471 3291 525 3344 pro
543 3275 646 3346 quibus
664 3287 847 3351 exspectasses
863 3279 914 3330 sed.
949 3279 1005 3331 Cic.
1025 3291 1078 3346 pro
1099 3275 1182 3327 Rosc.
1235 3287 1238 3290 ’

127 3341 223 3388 Amer.
237 3340 268 3402 [μ
291 3340 403 3393 »animo
424 3356 477 3390 non
497 3340 633 3402 deficiam,
648 3354 673 3392 et
686 3341 712 3392 id
730 3340 806 3411 quod
826 3342 951 3414 suscepi,
975 3339 1048 3414 quod
1067 3350 1182 3458 potero,

126 3401 300 3522 perferam«
332 3406 509 3477 Iug.1o7‚3.
541 3408 635 3459 »matt
654 3406 718 3459 dolo
741 3408 859 3473 factum,
884 3411 1017 3476 armagis
1035 3404 1182 3461 caliditate

144 3467 307 3545 ngurtbasn
323 3499 354 3511 -
387 3473 472 3541 Mysr‘r'
483 3485 532 3524 auc
543 3473 664 3543 Phrygis.
687 3473 774 3551 Quam
791 3473 1007 3540 contemmebae
1019 3482 1113 3542 gentes
1125 3474 1183 3526 fus·

127 3535 194 3600 rint,
212 3531 334 3610 vudestex
349 3535 403 3589 Cic.
420 3554 474 3606 pro
494 3539 584 3592 Flacc.
602 3556 647 3609 27,
662 3539 703 3592 65.
719 3573 752 3584 -
783 3542 945 3594 entonestr'ss.
961 3540 1046 3609 cupid.
1060 3565 1092 3587 =
1112 3556 1182 3607 rem,

127 3600 173 3654 cui
188 3599 345 3668 turpissume
361 3599 525 3673 inhiaverat,
543 3621 626 3677 quam
637 3605 839 3676 concupiverat.

193 3680 256 3735 VII.
282 3688 309 3748 ς.
329 3697 369 3734 ao.
409 3686 603 3742 sustineremus.
635 3687 666 3738 ln
691 3697 755 3740 vett.
777 3686 851 3740 editt.
868 3695 969 3740 exstat:
991 3689 1181 3742 sustinebimus.

127 3747 215 3801 Orell.
230 3748 394 3818 proposuit:
416 3752 626 3805 sustrnuerr'mue.
645 3785 674 3796 -
710 3755 864 3819 integritate
884 3752 967 3819 vitae,
983 3754 1131 3824 probitate.
1148 3785 1182 3796 -

127 3815 221 3867 dunum.
240 3832 270 3864 ea
284 3833 315 3864 ne
332 3830 390 3866 cur.
407 3817 502 3882 gratio
521 3841 553 3862 =
576 3815 723 3869 dummodo
744 3816 838 3871 eadem
855 3817 889 3869 sit
903 3817 930 3870 in
945 3835 1054 3884 omnes,
1078 3837 1128 3872 nec
1143 3817 1181 3872 ob

144 3880 241 3932 ratiam
258 3877 333 3932 aliud
352 3880 405 3932 alio
422 3889 550 3950 tempore
566 3879 739 3938 decernatur.
773 3886 814 3935 De
835 3884 971 3936 dummodo
989 3903 1020 3936 ns
1039 3905 1063 3937 r.
1073 3887 1183 3956 Zumpt.

127 3896 151 4015 ξ.
161 3948 224 4013 57²·
235 3978 266 3987 -
290 3947 473 4016 aequabiliter,
488 3956 659 4014 constanter,
673 3947 768 4000 eodem
784 3965 895 4020 semper
906 3947 998 4016 modo,
1029 3951 1181 4004 rariter.-

122 4022 229 4080 partem
242 4029 353 4070 concess.
388 4014 536 4066 Praetores
554 4014 580 4066 in
600 4013 744 4084 provinciis
761 4014 955 4085 quaestoribus
974 3967 1112 4092 etiegatis
1126 4017 1182 4071 suis

123 4076 273 4146 aliquando
287 4076 500 4135 iurisdictionem
512 4077 654 4135 mandasse
671 4091 746 4151 potet
763 4098 795 4134 ex
810 4082 936 4139 Verrinis
955 4102 965 4135 ι
983 4094 1010 4137 et
1024 4087 1049 4150 4.
1064 4114 1094 4126 -
1128 4099 1182 4132 sus-
