2768 4866
518 276 582 337 LlB.
603 276 648 338 111.
686 276 738 338 ΕΡ.
759 277 802 339 tv.
1124 274 1189 342 iil?

127 456 252 542 primus
272 457 450 523 nuntiavit.
492 457 599 523 Aiunt
618 455 787 542 nonnulli,
808 458 887 523 item
907 457 1115 547 Sallustius,
1135 476 1190 524 me
1230 448 1264 517 2.

129 559 328 647 oportuisse.
347 578 521 627 accusare.
571 562 620 627 lis
642 579 710 649 ego
731 560 896 628 iudicibus
918 553 1188 631 committerem?

131 667 375 756 Quid-essem,
407 669 438 734 si
467 686 520 735 me
542 673 670 756 agente
687 671 795 733 esset
816 658 984 753 elapsast
1036 666 1108 735 Sed
1135 687 1190 735 me

127 774 198 840 alia
225 770 411 841 moverunt.
460 774 540 841 Non
565 779 721 861 putasset
746 774 811 840 sibi
831 774 1008 862 Pompeius
1035 773 1078 842 de
1098 774 1189 841 illius

127 881 259 968 salute,
281 879 346 946 sed
367 881 410 945 de
430 900 494 948 sua
514 881 682 969 dignitate
696 895 924 944 mecumesse
944 883 1133 946 cemmenz
1153 881 1188 944 in

128 987 244 1052 urbem
264 988 459 1054 introisset:
480 986 524 1054 ad
544 986 733 1054 inimicitias
752 1003 810 1051 res
827 985 1002 1053 venissett
1024 1005 1099 1052 oum
1114 988 1189 1053 Ae-

129 1097 267 1162 sernino
288 1094 443 1163 Samnite
463 1093 686 1161 Pacideianus
707 1096 919 1178 comparatus
938 1090 1095 1182 viderer3
1124 1112 1188 1159 au-

128 1201 268 1268 riculam
287 1201 434 1270 fortasse
456 1201 624 1267 mordicus
644 1197 861 1287 abstulissem
883 1216 957 1265 oum
972 1198 1091 1266 Clodio
1113 1197 1190 1287 qui-

130 1308 206 1379 dem
227 1314 320 1376 uerte
339 1308 500 1375 rediisset
519 1309 554 1373 in
573 1308 731 1395 gratim
773 1307 853 1394 Ego
872 1323 956 1372 vero
976 1322 1084 1373 meum
1103 1324 1189 1372 eon-

128 1418 259 1506 silium,
280 1418 311 1484 si
331 1415 530 1502 praesertim
549 1418 586 1480 tu
606 1432 674 1480 non
687 1411 872 1499 improbas,
892 1411 1189 1500 vehementer'ap-

130 1523 246 1612 probo.
294 1521 377 1607 Ille,
399 1540 498 1608 quum
518 1539 540 1586 a
559 1538 612 1586 me
634 1517 863 1607 singularibus
884 1518 968 1583 meis
988 1517 1109 1584 studiis
1130 1538 1189 1585 or-

130 1633 233 1695 natus
253 1632 376 1716 esset,
388 1644 553 1715 quumque
572 1644 642 1715 ego
661 1625 711 1691 illi
731 1624 812 1690 nihil
833 1622 1012 1712 deberem,
1032 1623 1191 1692 illemini

131 1734 262 1823 omnia,
283 1738 396 1801 tamen
415 1733 451 1799 in
469 1751 508 1799 re
527 1731 660 1819 publica
680 1750 732 1799 me
754 1749 831 1800 ase
850 1729 1106 1798 dissentientem
1121 1750 1190 1799 non

154 1938 182 1992 ui
198 1954 263 1992 cum
277 1939 394 2011 imperio
411 1944 452 2010 (v.
463 1937 504 2000 ad,
515 1936 570 1996 dir.
586 1958 615 2007 r,
632 1957 715 2014 9‚9;
731 1956 818 2012 supra
831 1940 937 1996 edlu.
954 1957 998 2012 ep.
1014 1957 1025 1993 r
1044 1950 1129 2010 extr.;
1146 1957 1190 2014 ep.

131 1955 156 2060 ἓ.
174 2002 198 2073 §·
211 2005 249 2070 d.)
263 2003 382 2124 ideorgue
396 2015 474 2061 extra
487 2006 586 2060 urbem
601 2017 668 2061 erat.
703 2007 838 2078 Sequitur
852 2007 924 2060 enim
937 2006 1040 2062 statim=
1057 2010 1085 2059 r'n
1100 2009 1191 2060 urdene

130 2073 274 2123 introisset.
308 2076 333 2124 Α
371 2070 470 2126 urbem
487 2089 549 2126 eum
565 2073 592 2127 in
611 2072 774 2127 suburbano
792 2070 883 2126 iudicii
899 2071 1000 2127 exitum
1019 2083 1190 2144 exspectasse

130 2147 228 2192 narret
242 2135 297 2191 Dio
308 2137 373 2209 l.39
390 2148 458 2193 extr.
473 2171 507 2185 -
540 2141 690 2204 nuntiauit,
707 2156 766 2212 quo
782 2139 898 2212 gratiam
914 2138 950 2193 ab
966 2155 1001 2193 eo
1015 2138 1107 2195 iniret.

200 2233 228 2295 ς.
244 2245 268 2282 a.
302 2227 353 2283 Cu.
371 2228 534 2291 Sallustius,
556 2230 699 2285 Ciceronis
714 2229 841 2286 libertus.
873 2232 910 2286 V.
929 2228 964 2284 de
985 2229 1038 2286 div.
1055 2250 1084 2299 1,
1099 2230 1141 2290 aa.
1155 2227 1191 2284 ad

134 2290 188 2349 dir.
201 2297 246 2362 14,
262 2295 292 2362 4,
305 2295 329 2348 6.
347 2311 384 2348 rr.
406 2292 440 2347 ad
459 2299 516 2348 Art.
538 2312 568 2361 ι,
583 2296 615 2363 3,
634 2313 672 2349 ιι.
695 2310 738 2367 ep.
758 2312 816 2366 seq.
852 2314 898 2349 .1.
920 2327 953 2341 -·
993 2297 1189 2351 committerem.

133 2361 220 2417 Orell.
233 2369 389 2432 suspicatur
404 2357 559 2414 addendum
574 2379 621 2414 me.
648 2363 754 2415 Manut.
769 2302 922 2433 suppievit:
935 2380 1050 2418 causam.
1063 2396 1095 2406 -
1128 2362 1193 2434 quid

111 2445 217 2545 ,estenp‘
229 2453 261 2476 =
279 2435 531 2545 quampontomtus
547 2443 643 2482 essem.
657 2459 690 2471 -
723 2439 833 2496 agente,
850 2439 1004 2546 accusantp.
1021 2461 1054 2472 -
1085 2429 1192 2546 elapsus

132 2495 372 2638 atnam-{mn
386 2493 1191 2638 .·..ll¹³.‡.';.l.‘.¹,²·{tolainlltll‘lett‚mittit

131 2626 257 2692 valeret,
286 2641 346 2696 ipsc
365 2622 400 2677 ad
422 2625 638 2691 absolutionem,
664 2642 716 2699 ego
739 2625 773 2678 ad
798 2624 1050 2679 condemnationem
1072 2623 1190 2680 Gabinii.

133 2693 237 2744 Manat.
252 2703 282 2730 1-
300 2736 303 2740 .
316 2693 459 2744 introisset.
478 2693 514 2747 V.
529 2695 554 2762 §.
571 2711 592 2747 ι.
616 2693 727 2764 Vulgo:
743 2695 877 2743 intrasset.
894 2723 924 2734 -
959 2709 1018 2743 cunt
1030 2696 1090 2743 Aes.
1103 2691 1192 2742 Sumn.

133 2756 243 2815 Paean,
260 2755 363 2826 insigne
382 2769 432 2824 par
446 2755 643 2826 gladiatorum,
659 2775 781 2829 quorum
796 2757 839 2810 hic
855 2767 946 2810 tamen
960 2757 1050 2809 minor
1064 2755 1121 2809 illo.
1149 2756 1191 2808 Cf.

134 2818 169 2874 de
185 2829 241 2890 opt.
260 2835 318 2889 gen.
335 2828 417 2872 oratt.
433 2824 465 2886 d,
491 2820 538 2874 ubi
560 2823 658 2877 Lucilii
681 2822 807 2877 versibus
829 2824 990 2876 Aeschinem
1011 2840 1074 2874 cum
1091 2826 1192 2875 Aeser·

133 2886 214 2950 nino,
231 2885 444 2937 Demosthenem
460 2903 521 2938 cum
535 2887 698 2941 Pacideiano
712 2906 772 2941 com
796 2898 862 2943 arat.
898 2888 969 2943 Coll.
985 2889 1097 2943 Tuscul.
1109 2888 1135 2958 4,
1151 2903 1190 2942 nr.

134 2953 203 3006 lior.
220 2960 269 3005 sat.
282 2966 311 3018 a,
325 2968 356 3018 7,
370 2969 410 3023 97.
444 2952 543 3006 Lucilii
558 2971 654 3008 versus
670 2954 743 3027 apud
786 2955 878 3008 onium
893 2958 926 3022 4,
937 2955 979 3012 dn.
1000 2953 1024 3007 hi
1039 2962 1117 3008 sunt:

331 3063 364 3075 -
380 3034 549 3088 Aeserninus
565 3034 649 3090 flacco
664 3037 716 3091 fuit
732 3054 781 3090 ore

264 3095 388 3167 Samnis,
405 3116 417 3152 s
439 3117 523 3155 urcus
540 3102 637 3170 homo,
656 3103 709 3155 vita
725 3103 771 3156 illa
788 3102 884 3175 dignus
899 3103 1035 3175 locoque,

264 3164 335 3218 Cum
352 3118 513 3220 Pacisciano
530 3170 719 3239 componitur,
738 3168 854 3243 optimu'
868 3170 950 3242 longe

264 3231 331 3285 Post
349 3232 471 3287 homines
487 3242 567 3288 natos
584 3233 717 3307 gladiator
733 3237 783 3307 qui
798 3236 850 3290 tuit
866 3252 947 3290 unus.

133 3314 190 3365 Pro
206 3311 376 3366 Pacideianus
398 3315 466 3368 Eun.
487 3325 514 3368 et
533 3315 642 3373 Schritz.
662 3317 764 3370 habent
784 3317 948 3371 Pacideianus.
966 3347 998 3357 -
1031 3312 1190 3368 auratarum·

133 3376 240 3433 Alludit
261 3377 295 3430 ad
313 3378 340 3432 id
358 3379 434 3452 quod
450 3381 573 3434 Lucilius
588 3381 705 3436 sortasse
721 3382 769 3436 illo
791 3383 854 3435 loco
870 3391 1049 3447 narraverat,
1065 3376 1192 3456 deserui·

133 3461 200 3496 num
214 3442 374 3524 Pacideiano
390 3447 418 3499 in
432 3465 470 3518 pu
491 3446 595 3516 nando,
613 3448 661 3501 ubi
677 3447 710 3501 ad
728 3449 901 3521 complexum
919 3455 1031 3500 ventum
1045 3455 1103 3514 est,
1119 3461 1191 3498 auru·

133 3508 224 3562 culam
239 3509 377 3565 mordicus
396 3463 551 3568 abstulisse.
567 3546 601 3558 -
633 3533 692 3568 cum
708 3515 817 3578 Clodio,
833 3513 941 3568 inimico
957 3529 1017 3568 suo.
1052 3513 1088 3567 V.
1104 3525 1192 3582 suprs

132 3575 152 3628 l.
169 3591 193 3630 a.
209 3591 253 3647 ep.
269 3576 293 3630 3.
309 3608 341 3619 -
375 3595 460 3630 meum
481 3580 573 3634 consil.
596 3597 651 3634 non
668 3579 816 3634 accusandi
839 3579 1002 3646 Gabinium,
1025 3594 1060 3631 ne
1075 3579 1192 3659 Pompe·

131 3641 190 3694 ium
212 3639 388 3721 offenderem.
414 3678 446 3686 -
488 3658 600 3699 ornatus
616 3659 682 3698 esset
704 3647 818 3700 maxime
843 3645 983 3700 suadenda
999 3649 1062 3718 lege
1079 3643 1196 3722 thliff-

133 3717 162 3825 pt
186 3707 387 3824 supplacatrone
411 3710 554 3765 duodecim
576 3710 891 3831 ᾀιίἱογυξῖἳᾞίἑὴνῐᾶαῑίεο
915 3711 991 3830 bpillo
1015 3711 1145 3764 confecto·
1163 3725 1192 3828 pr

134 3788 593 3918 ..iiiil‘lin'ind‘illiniti
604 3799 620 3876 ·'
635 3797 698 3898 iii.
720 3780 922 3916 torritii&
936 3794 972 3898 me
981 3787 1191 3921 tillidi?
1298 3807 1303 3817 ’

132 3920 196 4023 pero
211 3904 314 3959 debere
329 3923 411 3978 saepe
425 3911 573 3979 profitetur
582 3911 686 3965 Crccro.
701 3943 735 3956 -
760 3912 961 3973 dueentzentem,
975 3927 1028 3982 pro
1044 3906 1190 4027 republica

146 3981 293 4049 oquentem
309 3983 505 4047 egentemque,
515 3992 608 4047 quum
620 3977 782 4048 Pompeius,
799 3977 917 4047 Caesar,
934 3976 1080 4031 Crassusa
1113 3988 1190 4050 suafn

132 4046 282 4156 aar.
296 4055 396 4160 arur
832 4044 953 4101 ΝΜ
974 4043 1080 4115 ‘tr‘
1100 4053 1144 4092 ‘¹¹‘
1162 4056 1189 4090 '¹¹

427 4127 443 4162 u
460 4128 468 4162 Ι
487 4127 507 4181 P
643 4149 649 4165 r
663 4140 697 4156 '⁸'
1071 4157 1074 4160 ⁴
