2768 4866
268 248 313 315 18
412 253 448 313 m.
471 253 501 313 T.
523 251 706 314 CICERONIS
729 249 881 312 lll'lSTOL.
902 249 950 310 nn
973 251 1003 322 0.
1025 251 1200 315 FRATREM

266 440 366 519 atque
389 433 498 499 omniu
519 432 620 518 plena
647 430 866 518 clementiae,
895 433 1191 525 mansuetudinis,
1227 439 1342 507 huma·

266 541 394 609 nitatis.

100 649 165 720 tx.
186 647 244 716 26.
350 648 515 731 Quantum
536 664 618 712 vero
640 644 722 711 illud
739 649 794 713 est
810 645 1006 713 beneficium
1025 654 1135 735 tuum,
1160 651 1261 737 quod
1284 655 1341 720 ini·

265 773 329 843 quo
352 759 386 821 et
406 755 507 842 gravi
536 751 701 838 vectigali
729 751 904 839 aedilicio,
937 773 1011 819 cum
1040 756 1180 842 magnis
1214 762 1340 827 nostris

264 860 510 943 simultatibus,
533 859 653 925 Asiam
673 847 858 923 liberasti'i
899 859 1053 947 Etenim,
1075 861 1106 926 si
1126 880 1222 928 unus
1248 865 1340 932 bomo

263 969 386 1036 nobilis
403 968 554 1056 queritur
573 967 684 1052 palam
705 970 759 1055 te,
781 965 869 1053 quod
887 966 1054 1056 edixeris,
1076 967 1142 1033 Nu
1168 971 1241 1036 Al)
1264 972 1339 1041 LU-

263 1074 357 1144 DOS
380 1072 623 1140 PECUNIAE
645 1070 1085 1164 Dncnnnnnnnuun,
1110 1075 1173 1145 HS
1202 1098 1257 1146 cc.
1284 1083 1339 1148 sibi

264 1184 453 1271 eripuisse:
483 1183 609 1267 quanta
631 1179 769 1246 tandem
789 1181 931 1265 pecunia
951 1181 1179 1270 penderetur,
1216 1188 1250 1252 si
1275 1207 1338 1255 om·
1369 1228 1372 1233 >

264 1293 356 1359 nium
376 1290 529 1377 nomine,
559 1288 746 1375 quicunque
767 1287 897 1354 Romae
921 1289 1020 1355 ludos
1046 1290 1227 1379 iacerent,
1258 1295 1339 1383 quod

266 1403 341 1466 erat
358 1399 423 1464 iam
437 1398 636 1484 institutum,
659 1388 894 1483 erogaretur?
938 1398 1143 1485 Quamquam
1164 1399 1238 1469 has
1260 1423 1339 1491 que·

266 1507 358 1574 relos
391 1505 560 1571 hominum
592 1509 781 1570 nostrorum
812 1503 870 1569 illo
907 1503 1050 1568 consilio
1087 1510 1338 1597 oppressimus,

267 1613 355 1701 quod
377 1615 411 1680 in
427 1615 514 1680 Asia
534 1614 651 1680 nescio
671 1609 946 1699 quonammodo,
969 1611 1099 1678 Romae
1116 1613 1263 1698 quidem
1281 1628 1339 1684 non

266 1720 426 1787 mediocri
455 1737 530 1785 cum
558 1716 779 1784 admiratione
811 1716 986 1802 laudatur,
1020 1716 1131 1805 quod,
1147 1720 1150 1725 ’
1167 1737 1276 1806 quum
1304 1722 1338 1791 od

265 1827 424 1914 templum
455 1830 768 1912 monumentumque
800 1828 952 1891 nostrum
982 1826 1144 1892 civitates
1176 1833 1351 1923 pecunias⁴

268 1933 526 2019 decrevissent,
558 1950 722 2018 quumque
749 1931 783 2023 id
807 1936 843 2002 et
861 1951 923 2019 pro
946 1934 1031 1998 meis
1052 1936 1191 2021 magnis
1215 1941 1341 2006 meritis

175 2057 177 2060 ’
268 2045 304 2106 et
324 2058 386 2126 pro
408 2039 477 2103 tuis
498 2038 651 2103 maximis
674 2038 993 2108 beneficiissumma
1011 2059 1075 2106 sua
1088 2041 1276 2112 voluntate
1289 2047 1341 2112 se-

270 2150 417 2236 cissent,
449 2146 708 2232 nominatimque
736 2146 794 2212 lex
821 2149 1014 2235 exciperet,
1046 2147 1108 2213 UT
1129 2148 1199 2216 Al)
1222 2150 1337 2215 TEM-

268 2254 396 2321 PLUltl
411 2250 894 2343 monumentumque]
911 2252 1098 2320 capuan
1112 2253 1330 2342 eleuant,

200 2472 201 2479 η
267 2439 386 2507 ,imper-io.
420 2436 465 2492 Sic
480 2434 599 2490 distinxit
614 2437 702 2492 Orcll
717 2455 781 2491 cum
795 2435 921 2490 Munatio
936 2434 1067 2506 aliisquc;
1083 2436 1200 2507 vulgata
1215 2438 1336 2492 exhibet:

270 2515 318 2555 tuo
339 2514 397 2554 tcto
415 2505 522 2573 denique
537 2506 654 2572 imperio.
687 2507 725 2557 At
745 2518 831 2574 supra
851 2509 874 2569 §-
891 2520 920 2572 19
943 2512 998 2555 est:
1014 2503 1041 2552 iu
1058 2513 1135 2552 tanto
1153 2505 1269 2573 imperio
1286 2503 1338 2559 sine

270 2586 351 2642 pron.
365 2581 421 2624 tuo.
457 2572 591 2641 Praepos.
605 2572 648 2631 in,
666 2585 739 2640 quoe
753 2571 837 2650 vulgo
851 2568 1002 2634 omittitur,
1020 2565 1091 2620 idern
1107 2567 1200 2623 Orell.
1216 2587 1251 2624 cx
1265 2568 1340 2625 codd

271 2637 367 2690 saltem
383 2654 446 2689 cum
462 2635 540 2689 uncis
554 2633 707 2689 addendam
723 2645 836 2690 censuit.
848 2667 881 2678 -
921 2647 1000 2706 utque
1018 2651 1086 2687 onon.
1116 2634 1186 2688 Post
1203 2649 1281 2709 part.
1299 2651 1339 2690 ne·

272 2713 395 2775 gentem,
415 2703 506 2775 qualis
526 2701 586 2754 hio:
609 2703 692 2764 urbii,
716 2702 786 2758 coni.
802 2712 881 2773 utque
899 2700 972 2753 idem
996 2700 1068 2754 volet
1087 2698 1164 2772 quod
1183 2705 1249 2767 sed,
1268 2707 1339 2756 immo

270 2787 332 2821 vero
341 2789 353 2833 ,·
371 2769 406 2824 ef.
419 2785 505 2840 supra
522 2767 556 2821 ad
572 2775 595 2838 δ.
608 2786 645 2838 ¹9·

338 2851 384 2904 lx.
410 2859 436 2917 S.
454 2852 494 2903 ob.
532 2850 660 2918 oectrgruli
680 2850 816 2913 aedilicio,
840 2869 899 2906 eum
915 2869 949 2906 m.
966 2867 993 2905 n.
1008 2868 1029 2902 s.
1054 2857 1097 2902 est
1117 2851 1233 2923 egregia
1256 2855 1340 2906 Lime-

271 2914 363 2968 rrianni
378 2915 533 2970 emendatio
551 2933 604 2987 pro
622 2917 696 2997 vulg.
718 2918 849 2985 vectigali
865 2917 1045 2969 aectz'liciorum
1067 2933 1103 2968 m.
1122 2932 1149 2968 a.
1166 2934 1189 2970 s.
1235 2919 1340 2974 Mutan-

272 2979 338 3032 dum
358 2997 416 3034 esse
435 2983 615 3035 dediticiorum
633 2990 690 3052 (cur
708 3001 731 3034 v.
749 2984 828 3035 etiam
850 2983 872 3036 si
889 2980 1021 3036 subaudis
1039 2982 1192 3042 dominum,
1223 2986 1290 3053 vel,
1315 2995 1340 3038 ut

271 3046 390 3102 Facciol.
406 3048 521 3114 monuit,
535 3065 683 3110 munerum,
701 3058 744 3101 est
759 3049 910 3122 incongrua
922 3047 1020 3116 lectio)
1035 3047 1062 3100 in
1077 3048 1199 3100 aedilicio
1216 3050 1274 3104 iam
1293 3054 1342 3105 llo·

272 3123 394 3170 tomann.
413 3114 535 3180 viderat,
561 3130 644 3185 quom
663 3124 774 3168 secutus
795 3127 836 3168 cst
859 3115 971 3170 Schiitn.
1012 3117 1129 3168 Ldncm.
1146 3129 1179 3166 ex
1198 3128 1341 3186 postrema

272 3181 379 3252 syllaba
397 3180 473 3234 eruit
490 3198 565 3242 eum,
584 3191 610 3232 et
627 3181 664 3234 sic
682 3180 718 3233 ait
732 3182 894 3234 Ciceronem
913 3179 992 3252 loqui
1008 3197 1108 3237 amare.
1142 3182 1178 3233 V.
1200 3199 1293 3257 supra
1312 3181 1341 3237 ad

271 3256 296 3318 §-
311 3266 349 3321 ις,
363 3280 395 3292 -
429 3246 546 3315 aucupet
559 3247 706 3298 aedilicium
722 3248 917 3318 appellabatur
932 3246 1051 3318 pecunia
1066 3264 1086 3300 s.
1100 3243 1254 3318 tributum,
1268 3247 1341 3323 quod

294 3332 327 3367 ro
339 3312 473 3368 aedilibus
487 3322 519 3370 ud
536 3312 666 3366 ludorum
685 3324 791 3367 sumtus
808 3312 967 3386 cogebatur.
988 3315 1029 3367 Cf.
1043 3312 1101 3366 Liv.
1113 3314 1161 3378 4ο,
1176 3317 1211 3381 qq
1232 3328 1341 3373 extr.-

272 3332 393 3445 brenam
411 3381 484 3453 vulg.
499 3381 650 3442 Enimuero,
666 3397 750 3453 qnam
767 3379 969 3433 correctionem
979 3379 1102 3434 lectionis
1114 3379 1181 3428 carin
1200 3397 1267 3437 esse
1285 3400 1342 3436 cen·

274 3457 315 3500 oct
328 3448 417 3505 Orell,
434 3478 467 3491 -
501 3446 660 3516 penderetur
676 3465 691 3499 a
711 3447 862 3518 provipciu.
878 3479 912 3490 -
946 3445 1331 3516 erogaretuhbnperaretur

274 3513 439 3585 exigeretur.
454 3547 487 3556 -
521 3515 607 3564 nescio
620 3531 733 3583 quonum
748 3513 831 3566 modo.
848 3514 913 3565 Ero.
929 3511 1029 3565 etSch.
1044 3530 1069 3563 n.
1084 3506 1241 3631 quc-‘modo
1269 3483 1343 3568 Illud

274 3583 478 3652 quonammodo
495 3596 549 3651 pro
574 3581 702 3650 quoorodo
726 3578 829 3651 legitur
841 3578 878 3631 ud
893 3576 947 3630 div.
963 3596 1008 3645 ιι,
1024 3596 1072 3651 27,
1108 3595 1116 3644 3
1137 3579 1290 3650 10,33‚3.
1310 3615 1343 3627 .-

274 3645 310 3697 od
319 3649 444 3716 templum
458 3657 703 3716 monumentumque
717 3656 851 3708 nostrum,
864 3645 901 3698 ob
913 3643 1045 3700 beneficia
1058 3646 1226 3766 meritaque,
1241 3647 1343 3720 quibus

274 3710 367 3765 Asiam
382 3714 551 3784 provinciam
567 3712 699 3766 affecerat
713 3713 827 3765 Marcus
844 3712 953 3767 Cicero.
987 3713 1030 3767 ef.
1042 3710 1077 3765 ad
1089 3714 1146 3764 nto.
1187 3751 1194 3779 ,
1211 3730 1260 3769 or:
1278 3714 1343 3769 »ob

274 3779 342 3831 haec
362 3779 510 3846 beneficia,
527 3779 630 3851 quibus
648 3778 686 3831 illi
704 3780 922 3850 obstupescunt,
939 3779 1032 3833 nullos
1048 3779 1169 3830 honores
1187 3778 1272 3850 mibi,
1296 3781 1344 3836 nisi

274 3845 428 3898 verborum
444 3845 556 3897 decerni
571 3845 647 3911 sino,
664 3856 779 3914 statuas,
795 3846 873 3912 fana,
891 3849 1017 3920 τέθριππα
1030 3844 1197 3916 prohibeo«
1212 3878 1248 3892 -
1278 3867 1345 3901 sum·

163 3934 168 3940 ·
274 3929 385 3965 merua
399 3912 552 3974 voluntate,
570 3923 686 3983 sponte,
703 3931 759 3966 non
776 3912 906 3985 precibus
925 3913 968 3966 vel
985 3910 1078 3964 edictis
1094 3909 1215 3966 adducti.
1234 3944 1269 3957 -
1305 3916 1345 3967 lex

275 3977 309 4031 de
327 3975 504 4048 repetundis,
551 3995 600 4031 uae
623 3979 757 4045 cavebat,
784 3995 819 4032 ne
837 3978 882 4031 cui
901 3989 949 4032 aut
968 3993 1068 4048 capere
1090 3977 1223 4048 pecunias
1245 3980 1347 4034 liceret

204 4083 206 4087 ψ
274 4053 323 4098 aut
342 4043 497 4097 conciliare.
565 4044 623 4098 .ad
640 4047 723 4098 Attio.
742 4048 772 4111 5,
789 4055 832 4103 21.
872 4045 955 4098 Vcrr.
976 4043 1005 4110 5,
1020 4042 1061 4110 48.
1078 4075 1112 4085 -
1145 4058 1346 4098 monumentum

275 4108 372 4189 [que].
414 4110 507 4190 Quum
527 4109 555 4163 in
573 4109 632 4164 aliis
652 4111 731 4164 libris
747 4111 858 4182 legatur
875 4121 901 4162 et
916 4121 1130 4173 monumentum,
1153 4111 1291 4182 copulam
1308 4113 1346 4166 in·
