2768 4866
278 240 328 307 lv
632 245 981 306 PRAEFATIO.

278 452 452 528 stolarum
470 449 674 552 exemplum
695 453 938 550 proposuerit.
991 449 1100 543 Quod
1126 474 1231 548 quum
1260 473 1342 524 om-

279 579 364 654 uino
391 573 439 649 de
466 573 658 652 Ciceronis
682 571 848 674 epistolis
874 573 996 668 valet,
1021 580 1094 648 tum
1116 577 1270 648 maxime
1291 571 1342 647 de

278 698 586 799 praestantissima
606 694 670 768 illa
694 698 807 794 prima
828 695 877 770 ad
900 697 1070 789 Quintum
1092 697 1241 771 fratrem
1267 695 1342 770 dici

232 885 239 896 .
278 826 421 922 potest,
441 843 509 917 qua
523 822 698 894 rationem
715 823 929 917 provinciae
951 820 1137 920 regendae
1152 821 1237 896 huic
1250 844 1342 920 pro-

277 945 354 1021 lixe
374 941 627 1039 demonstraus
646 945 977 1039 tantumomnmm,
1007 964 1100 1041 quae
1124 941 1174 1017 ad
1192 946 1246 1017 rei
1268 967 1340 1041 pu-

277 1067 399 1145 blicae
412 1064 759 1140 administrationem
776 1071 963 1164 spectant,
982 1087 1099 1139 rerum
1115 1087 1157 1137 se
1177 1067 1340 1139 tenuisse

276 1215 377 1265 usum
396 1187 548 1289 probat,
573 1192 748 1284 tantaque
769 1192 1025 1264 sententiarum
1048 1191 1232 1285 gravitate
1258 1186 1340 1261 elu-

277 1320 355 1408 cet,
374 1320 414 1387 ut
432 1309 595 1386 omnibus
614 1314 800 1387 civitatum
817 1312 1022 1387 rectoribus
1038 1314 1339 1410 sapientissimam

276 1433 504 1538 gubernandi
521 1458 778 1541 normanorum
794 1431 995 1511 tradidisse
1014 1455 1087 1506 uno
1105 1455 1170 1507 ore
1187 1432 1338 1532 praedi-

276 1565 391 1645 cent„
435 1559 571 1659 Neque
597 1562 721 1663 miuus-
741 1554 836 1633 haec
860 1557 1015 1671 epistola
1045 1559 1178 1659 eximia
1201 1580 1338 1632 morum

275 1689 477 1785 praecepta
498 1685 832 1789 sanctissimamque
851 1676 1043 1787 Ciceronis
1061 1683 1099 1757 iu
1118 1704 1197 1756 eum
1217 1703 1338 1781 popu-

274 1808 365 1903 lum,
403 1811 461 1903 cui
484 1788 711 1911 praeclaram
729 1807 876 1909 ‘ingenii
903 1807 959 1907 sui
994 1803 1169 1881 culturam
1202 1827 1340 1905 accep-

274 1920 801 2034 iamsefctcbatspietatcm,
819 1930 968 2030 ltactam
988 1951 1100 2027 porro
1121 1952 1240 2003 rerum
1255 1929 1337 2032 'ho-

273 2057 475 2156 minumque
488 2048 999 2157 diiudicaudorumperitiam
1020 2049 1208 2147 ostendit,
1244 2061 1338 2129 tarn-

275 2195 346 2274 que
367 2157 746 2279 luculentaoratione
771 2176 909 2279 scripta
935 2181 1013 2269 est,
1040 2182 1085 2249 ut
1109 2178 1165 2250 sui
1188 2180 1337 2274 generis

275 2291 472 2400 exemplar
483 2319 639 2403 uetuera
660 2299 776 2401 possit
803 2299 1024 2378 existimari·
1062 2298 1230 2399 Denique
1256 2322 1337 2377 eam
1370 2285 1371 2288 ‘

140 2473 144 2477 -
273 2428 443 2521 tanquam
468 2425 732 2527 monumentum
754 2422 865 2500 animi-
886 2444 978 2499 vere
999 2420 1151 2500 fraterni
1178 2422 1337 2499 admira-

272 2568 369 2649 mur,
392 2547 528 2646 quippe
539 2547 586 2619 iu.
598 2567 669 2643 qua
686 2542 911 2622 dilectissimi
928 2545 1054 2648 iratris
1065 2552 1128 2625 sui
1147 2550 1239 2625 vitia
1257 2553 1336 2623 vir·

273 2666 428 2761 tutibus,
451 2665 585 2770 quibus
608 2654 806 2761 excelluit,
831 2693 1076 2773 compensare
1103 2675 1335 2768 minuereque

273 2788 467 2895 undaret„
500 2791 688 2892 Reliquae,
705 2801 826 2891 autem
845 2793 964 2873 Marci
990 2793 1039 2870 ad
1058 2794 1232 2886 ¹Quintum
1256 2794 1335 2868 fra·-

273 2924 364 2997 trem
394 2916 575 3017 epistolae
601 2920 654 2996 ita
670 2925 765 2993 suut
781 2926 1063 3019 comparatae,
1080 2925 1120 3007 ut
1148 2917 1226 2993 fieri
1260 2939 1342 2999 nou,

272 3040 392 3139 possit
418 3041 503 3138 quin
517 3042 720 3125 <erectionis
739 3044 847 3139 animi
867 3044 1020 3116 iuvenes
1041 3061 1234 3115 erearum
1252 3037 1331 3111 lec·
1355 3037 1359 3047 '

272 3165 374 3245 tione
386 3184 558 3263 maguam
577 3184 650 3243 uon
669 3162 1012 3261 solumutilitatcm‚
1039 3158 1109 3235 sed
1132 3163 1239 3233 etiarn
1260 3181 1333 3234 vo-

221 3363 224 3366 ,
271 3289 445 3387 luptatem
465 3288 622 3385 capiant.
666 3287 756 3377 Quis
775 3290 866 3365 enim
878 3293 959 3380 est,
972 3305 1076 3382 quem
1096 3305 1212 3359 rerum
1232 3284 1331 3354 iniis

273 3417 495 3509 narratarum
515 3406 675 3484 dilucida
698 3411 838 3502 series,
855 3411 1000 3511 sursera
1019 3412 1057 3480 et
1074 3429 1098 3479 a
1115 3401 1201 3480 fuco
1221 3403 1334 3477 falla-

203 3598 219 3628 ,
272 3532 408 3627 ciisque
428 3532 667 3608 remotissima
688 3529 812 3607 fratris
837 3525 1053 3605 cumfratre
1079 3527 1263 3623 colloquia
1284 3523 1332 3598 de

271 3653 515 3754 reipublicae
538 3651 766 3747 conditione,
793 3649 973 3726 derebus
996 3653 1183 3746 utriusque
1205 3649 1332 3743 priva-

272 3778 339 3870 tis,
365 3799 436 3851 non
458 3776 696 3879 vehementer
718 3782 889 3852 moveant
915 3780 953 3848 et
982 3763 1200 3846 delectent?
1249 3766 1333 3839 Ne-

171 3974 174 3983 ,
272 3921 342 3999 que
361 3923 453 3975 vero
476 3903 513 3972 in
533 3898 606 3983 has
619 3898 797 3998 epistolas
816 3894 952 3974 cadunt
970 3898 1128 3969 virorum
1144 3886 1333 3962 doctorum

273 4022 540 4116 dubitationes,
576 4022 622 4096 ob
648 4045 738 4125 quas
760 4019 950 4097 Ciceronis
971 4010 1153 4115 'epistolas
1184 3997 1334 4092 adoles.
