2768 4866
118 537 149 600 1.

191 244 257 317 152
338 249 374 308 hi.
390 248 421 308 T.
443 246 626 309 CICERONIS
647 248 799 311 crisolit
820 247 869 310 AD
891 247 922 319 0.
941 247 1110 310 FRATREM

287 499 290 506 ,
451 427 644 496 MARCUS
672 427 714 510 Q.
742 428 985 498 FRATRIS.

272 536 326 603 oe
355 535 520 622 Gabinio,
555 537 638 605 nihil
664 537 728 607 luit
754 537 945 607 fodendum
970 540 1134 627 istm,
1171 555 1260 624 quae

191 645 420 712 amantissime
434 644 586 732 cogitata
600 648 690 710 suut
731 645 820 708 Τότε
842 669 898 728 μοι
919 645 1029 728 χάνοι.
1064 644 1151 714 Feci
1165 664 1258 715 sum·

190 771 248 819 ma
267 769 339 817 cum
360 752 553 840 gravitate,
584 754 622 816 ut
643 754 759 816 omues
780 752 952 836 sentiunt,
976 757 1010 820 et
1030 771 1165 819 summo
1187 772 1256 821 cum

190 858 348 946 lenitate,
362 875 449 945 quae
463 857 547 923 ieci:
567 855 660 922 illum
674 874 784 944 oeque
802 861 875 927 ursi
886 862 997 948 neque
1012 859 1141 927 levam.
1168 912 1170 917 .
1187 859 1249 925 'le-

191 964 256 1030 stis
283 964 468 1031 vehemens
494 964 564 1029 iiii:
596 966 776 1050 praeterea
802 968 925 1055 quievi.
976 967 1116 1035 Exitum
1147 967 1254 1035 iudicii

189 1068 326 1138 foedum
352 1074 389 1137 et
415 1069 641 1157 perniciosum
667 1068 842 1138 levissime
868 1071 939 1138 tuli
999 1070 1097 1154 Quod
1127 1071 1255 1158 quidem

190 1177 312 1246 bonum
332 1176 413 1243 mihi
432 1195 523 1244 nunc
551 1175 694 1262 denique
719 1174 904 1261 redundat,
935 1174 1053 1241 uthis
1082 1175 1184 1244 malis
1211 1179 1257 1244 rei

190 1283 345 1370 publicae
357 1281 558 1369 licentiaque
575 1281 767 1368 audacium,
785 1299 851 1368 qua
865 1285 946 1348 ante
959 1282 1154 1372 rumpebat,
1174 1301 1257 1349 nuuc

191 1409 235 1457 ne
256 1408 393 1457 movear
413 1390 569 1480 quidem3
597 1389 680 1457 nihil
706 1395 760 1456 est
780 1389 868 1457 enim
887 1388 1052 1477 perditius
1073 1387 1130 1454 his
1153 1389 1255 1456 homi-

142 1536 151 1554 ·
193 1494 314 1586 nibus,
335 1497 389 1569 his
409 1499 627 1585 temporibus.
668 1498 808 1586 ltaque,
828 1515 874 1563 ex
894 1515 932 1563 re
952 1495 1086 1583 putho
1106 1495 1252 1583 quoniam

194 1602 276 1670 nihil
296 1604 362 1670 ium
375 1604 559 1692 voluptatis
573 1604 648 1692 capi
665 1608 802 1691 potest,
819 1621 879 1670 cur
897 1602 1110 1690 stomacher,
1133 1601 1251 1669 nescio.

193 1708 332 1776 Litcrse
357 1726 411 1775 me
437 1714 473 1776 et
496 1708 610 1777 studia
628 1713 747 1777 nostra
768 1712 804 1774 et
824 1709 927 1776 otium
947 1707 1118 1794 villaeque
1145 1707 1256 1774 delec-

128 1895 129 1898 ,
194 1819 271 1882 taut
289 1816 498 1903 maximeque
518 1817 613 1902 pueri
633 1816 754 1882 nostri.
802 1816 911 1905 Angit
938 1833 1024 1880 unus
1044 1813 1139 1881 Milo.
1192 1812 1258 1882 Sed

194 1921 298 1989 velim
318 1922 418 1989 finem
438 1925 559 1990 afferat
579 1922 798 1990 consulatus:
828 1921 864 1987 iii
892 1940 956 2009 quo
977 1921 1089 1988 enitar
1109 1940 1181 1987 non
1202 1921 1258 1987 mi·

195 2051 278 2118 nus,
307 2049 406 2118 quam
432 2051 505 2098 sum
526 2030 643 2096 enisus
669 2031 704 2095 iii
730 2032 866 2094 nostro:
894 2032 996 2114 tuque
1021 2028 1145 2114 istinc,
1177 2027 1260 2115 quod

195 2135 301 2223 facis,
323 2134 511 2200 adiuvabir.
562 2134 617 2202 De
638 2151 720 2222 quo,
743 2137 876 2223 cetera,
903 2135 971 2202 nisi
992 2133 1094 2222 plane
1115 2137 1174 2202 vis
1195 2137 1260 2203 eri-

196 2240 328 2327 puerit,
348 2242 443 2312 recte
463 2242 564 2305 sunt:
588 2238 631 2306 de
650 2258 690 2306 re
710 2239 867 2308 familiari
889 2241 1000 2308 timeo.

263 2425 291 2487 ς.
309 2438 331 2474 ι.
363 2418 395 2473 dc
410 2420 520 2473 Gabino
536 2416 717 2476 defendendo.
751 2420 932 2494 Cfisuprah.
946 2421 1000 2479 La
1023 2439 1068 2479 .ι.
1083 2419 1110 2490 §0
1128 2424 1161 2478 15
1178 2435 1258 2491 cutm

144 2470 149 2482 ’
197 2502 243 2567 cp.
258 2501 281 2540 a.
296 2493 369 2567 §.²3
393 2502 438 2559 ep.
452 2486 478 2542 ὃ.
493 2485 516 2556 l.
530 2489 547 2542 3
563 2497 632 2542 eurr.
642 2505 651 2554 3
674 2503 719 2559 ep.
732 2490 797 2606 405
811 2487 844 2556 ὃς
866 2503 911 2560 ep.
927 2487 952 2541 ὅ.
969 2439 1022 2560 §.g
1035 2505 1078 2561 sq.
1100 2521 1135 2532 -
1178 2509 1259 2543 amac-

196 2564 256 2607 am.
269 2563 350 2622 aegre.
365 2565 429 2606 scat
444 2571 481 2608 ec.
499 2569 515 2606 a
531 2565 568 2608 te.
603 2553 761 2624 scripserat
786 2563 891 2609 citasse
906 2553 1024 2633 Quintiis
1040 2552 1173 2610 debuisse
1191 2559 1253 2611 Mar·

145 2656 149 2663 -
196 2637 260 2675 cum
278 2618 402 2690 Pompeii
416 2629 444 2673 et
457 2619 583 2674 Caesario
595 2613 681 2672 causei
693 2617 840 2673 Gabinium
856 2618 891 2672 de
906 2625 1046 2674 maiestate
1061 2619 1253 2679 defendere-

196 2685 266 2740 Tc'rr
313 2709 321 2739 i
334 2683 413 2768 χάνοι
423 2687 522 2760 (rdpiic
535 2685 624 2760 χθών)
634 2685 651 2738 i.
659 2701 683 2737 a.
693 2694 760 2738 tunc
770 2685 838 2764 mihi
847 2684 968 2740 dehiscat
976 2687 1045 2756 (laia
1061 2694 1164 2756 terra),
1199 2706 1257 2742 uum

196 2751 249 2806 lioo
285 2750 356 2823 egilii
371 2753 542 2808 commisero.
576 2755 716 2824 integrum
731 2750 930 2806 hemistichium
945 2763 986 2807 eat
999 2749 1074 2824 apud
1090 2706 1262 2821 Homqlhl,

199 2819 254 2874 i82.
272 2849 305 2863 -
337 2835 419 2890 neque
434 2816 495 2872 uisi·
507 2838 587 2892 neque
603 2819 690 2870 levavi·
708 2815 725 2873 i.
742 2832 766 2873 c.
783 2834 874 2890 ireque
889 2818 1015 2872 accurari
1031 2833 1123 2898 oeque
1142 2817 1261 2873 defendi

196 2917 229 2927 -
246 2896 308 2941 tart.
323 2887 379 2939 aab.
397 2903 421 2940 v.
436 2901 522 2956 supra
537 2902 581 2957 ep.
594 2890 626 2952 4.
641 2889 664 2953 s.
677 2883 701 2938 3.
715 2915 749 2928 -
772 2886 834 2936 erit.
848 2886 949 2946 i'adi‘ci'i,
965 2885 1169 2939 absolutionem
1180 2885 1264 2942 Gabi·

197 2948 242 3004 nii.
259 2981 292 2992 -
324 2951 459 3003 laudabis.
485 2950 618 3005 Nonnulli
632 2946 707 3021 apud
721 2949 809 3003 Orcll.
825 2960 890 3004 vett.
906 2950 981 3005 edici.
994 2950 1111 3007 habente
1125 2951 1264 3006 cenaene.

196 3016 242 3070 ste
255 3032 342 3087 supra
356 3032 401 3088 ep.
412 3017 437 3083 ὅ,
450 3015 474 3072 3.
489 3016 523 3070 de
537 3016 633 3070 eadem
647 3031 696 3068 rc:
714 3019 830 3068 ocimum
837 3018 951 3086 praebeo
970 3057 1018 3074 ...
1037 3017 1178 3069 adrerum
1195 3035 1264 3068 coeii·

197 3094 255 3135 com
269 3081 440 3136 hoissi'moni.
456 3115 490 3130 -
523 3083 628 3144 bonam,
643 3097 763 3152 aequom
778 3080 806 3134 iii
821 3082 900 3136 malis
915 3081 1085 3165 reipublicae
1106 3082 1206 3134 leviter
1222 3083 1264 3134 fe·

198 3147 291 3204 cendio
308 3146 436 3202 oninium.
450 3180 482 3190 -
514 3151 655 3218 rumpatur
671 3173 703 3196 =
717 3147 895 3217 macerabar,
909 3147 1067 3221 affligebar,
1080 3145 1262 3218 defatigabor.

264 3251 292 3312 s.
311 3259 336 3297 a.
376 3243 612 3322 curjtornacber,
640 3260 691 3295 cui·
710 3241 816 3322 irascar
837 3241 875 3295 ob
899 3257 931 3323 ea
953 3258 1026 3322 quac
1050 3240 1148 3295 iniuste
1172 3240 1263 3318 fiunt,

197 3323 346 3430 dussmrfie?
352 3307 643 3429 oldifflrliwauaeuilnpddlrlliz
655 3309 797 3429 Ιἓιιέιὶιέξὶπω-ῒ-
812 3338 862 3426 ’A
878 3306 1263 3442 opitossevffiagsqaffihfleffl

197 3394 372 3521 idpe'ibione
387 3392 546 3496 condietur
559 3441 728 3495 contrarium
747 3439 860 3495 habebit
898 3439 1052 3522 ompeiuni,
1074 3410 1194 3518 quondm
1211 3454 1260 3490 iio-

198 3510 250 3562 inii
263 3511 361 3561 Cicero
375 3525 510 3579 pugnare.
542 3508 578 3563 V.
594 3523 680 3580 supra
694 3523 737 3578 ep.
754 3508 780 3560 h.
792 3507 811 3559 l.
825 3523 848 3560 a.
866 3513 892 3586 ς.
908 3518 1029 3585 αερριιε-
1038 3519 1077 3558 esc
1091 3505 1161 3577 quod
1175 3514 1259 3556 auctae

199 3575 229 3625 de
247 3575 345 3625 hiriane
351 3591 365 3638 ,-
392 3589 438 3646 ep.
453 3584 540 3628 antec.
560 3581 584 3642 ς.
600 3576 625 3628 6.
646 3603 678 3615 -
708 3575 792 3641 finem
812 3569 1000 3627 sollicitudinis
1019 3587 1106 3625 meaa.
1141 3570 1257 3625 Satricus.⁴

185 3687 187 3692 .
200 3637 322 3705 Utinam,
339 3650 488 3713 postquem
502 3641 599 3695 consul
614 3641 702 3693 fectus
716 3648 758 3691 est
786 3638 853 3690 nihil
866 3635 984 3706 accidat,
1000 3636 1076 3708 quod
1089 3636 1166 3690 illius
1178 3648 1254 3713 cause

199 3721 242 3757 ine
257 3713 392 3778 auget-
425 3709 453 3758 in
465 3725 517 3778 qao
523 3744 534 3769 ,
553 3716 584 3760 ut
596 3706 666 3760 Milo
680 3721 764 3759 consu
792 3705 903 3759 fiat..-
943 3722 1023 3776 qaam
1040 3721 1100 3754 som
1120 3704 1205 3755 enim
1227 3717 1255 3750 tri

199 3783 292 3824 nostro
309 3771 325 3826 i.
342 3789 365 3828 e.
380 3789 464 3855 quam
478 3773 634 3840 elaboravi,
651 3784 683 3827 ut
699 3771 758 3842 ipse
775 3770 871 3824 harem
890 3771 997 3826 conoul.
1028 3769 1071 3823 ef.
1086 3769 1196 3822 omniuo
1215 3781 1259 3836 cp.

200 3837 258 3891 Cic.
277 3834 311 3888 ad
327 3838 493 3907 Curionem,
518 3839 553 3892 ad
569 3841 623 3896 oin.
640 3857 669 3907 n,
684 3839 717 3904 6,
731 3839 748 3890 3
762 3852 823 3908 sqq.
843 3869 876 3883 -
908 3839 1004 3897 brebe,
1021 3832 1096 3906 apud
1113 3836 1263 3888 Caesarem

200 3914 228 3957 ct
240 3903 392 3958 exercitum
404 3907 477 3973 eius,
494 3915 526 3961 ut
537 3905 734 3980 suffragentur.
747 3935 782 3948 -
809 3904 849 3956 Dc
863 3922 926 3975 qao,
939 3901 1093 3955 coniurato.
1111 3931 1146 3943 -
1174 3904 1282 3954 ωιτν

199 3983 335 4024 ...ructa
350 3985 425 4034 suna,
441 3989 519 4043 spem
536 3972 728 4027 afferuntforc
742 3969 819 4041 quod
838 3971 1016 4023 rolumua-
1050 3968 1191 4036 cripuerit,
1230 3981 1264 4016 ro

199 4053 273 4159 ffiio,
298 4047 330 4090 iic
345 4037 432 4091 Orcll.
443 4049 551 4106 monet,
568 4039 659 4092 nescio
676 4038 738 4108 quis
753 4036 884 4089 coniecit:
901 4035 1024 4103 eruperit.
1038 4065 1069 4078 -
1103 4033 1134 4082 de
1150 4048 1181 4083 rc
1209 4048 1264 4085 om.

120 4142 124 4152 .
232 4102 319 4159 ilonis.
332 4136 365 4148 -
398 4106 476 4156 timeo
493 4119 529 4157 na
547 4103 582 4158 ad
595 4102 716 4176 inopiam
734 4100 883 4193 redigatur.
907 4100 950 4154 ef.
961 4098 1030 4154 Plin.
1048 4099 1084 4152 H.
1096 4098 1132 4155 N.
1143 4095 1194 4163 36,
1214 4097 1263 4150 15:
