2768 4866
526 282 653 346 mm
693 282 784 345 mr.
1000 359 1003 365 ,
1123 279 1187 349 ιιι

1319 363 1329 404 b

119 469 234 538 taliter
248 464 402 557 gaudeo·
438 465 582 534 Balbum
595 483 697 554 varo,
719 466 776 552 qui
798 468 852 532 est
865 464 1047 556 istiusrei,
1067 484 1186 553 quem-

120 572 299 642 admodum
318 570 460 659 scribis,
487 570 639 659 adiutor,
670 572 705 637 in
726 570 833 638 oeulis
853 571 936 638 iero.
986 572 1189 641 Trebonium

122 701 232 751 meum
253 700 275 749 a
294 683 331 747 to
351 674 578 764 amoriiteque
599 676 642 744 ab
663 676 721 744 illo
741 676 950 765 purgandoo.
998 677 1052 745 De
1077 678 1188 770 tribu·
1229 675 1284 741 1⁰.

123 792 207 856 nata
233 785 323 874 quod
349 784 492 873 scribis,
520 801 590 871 ego
611 800 694 849 vero
714 783 907 849 nominatim
927 783 1035 871 petivi
1056 782 1189 875 Curtio,
1284 871 1290 880 ¹

123 898 162 962 et
180 891 261 960 mibi
281 891 356 977 ipsa
370 888 502 957 Caesar
517 886 711 955 nominatim
725 885 840 954 Curtio
857 890 1009 974 puratum
1030 906 1110 958 ossa
1131 907 1190 959 re-

124 999 265 1087 scripsit
291 1013 464 1083 meamque
489 995 525 1062 in
544 993 698 1082 rogando
719 993 960 1062 verecundiam
987 996 1191 1085 obiurgavit.

124 1105 169 1176 Si
189 1106 244 1172 oui
265 1108 446 1191 praeterea
464 1101 617 1190 petiere,
633 1136 675 1148 -
694 1098 731 1168 id
752 1097 839 1187 quod
860 1100 962 1166 etiam
976 1099 1086 1188 Oppio
1109 1100 1191 1189 dixi,

124 1217 164 1280 ut
183 1211 230 1279 ad
251 1209 342 1278 illum
362 1207 528 1277 scriberet
548 1241 590 1256 -
610 1205 711 1273 fenile
733 1205 844 1292 patiar
856 1204 936 1272 mibi
948 1209 1083 1295 negari,
1105 1225 1191 1296 quo-

112 1319 216 1386 niam
235 1317 301 1408 ilii,
323 1317 377 1405 qni
397 1315 477 1382 mihi
496 1313 631 1382 molesti
651 1319 748 1402 sunt,
769 1311 835 1381 sibi
855 1313 979 1399 negari
1005 1332 1027 1381 a
1052 1332 1106 1382 me
1122 1333 1191 1380 non

125 1422 229 1491 iacila
249 1422 433 1509 patiuntur.
474 1420 555 1510 Ego
578 1415 730 1486 Curtium
750 1453 791 1465 -
811 1415 846 1482 id
866 1416 952 1505 quod
975 1419 1041 1505 ipsi
1062 1420 1132 1489 dixi
1151 1454 1192 1470 -

126 1549 196 1597 non
216 1528 315 1596 modo
336 1527 537 1615 rogatione,
566 1523 630 1591 sed
651 1525 752 1591 etiam
774 1522 965 1591 testimonio
987 1529 1045 1593 tuo
1065 1524 1191 1615 diligo,

125 1633 215 1723 quod
240 1633 351 1699 literis
377 1632 445 1698 tuis
466 1630 613 1697 studium
633 1629 724 1714 iltius
744 1630 781 1699 in
801 1631 947 1698 salutem
966 1637 1119 1701 nostram
1137 1633 1193 1700 ia·
1267 1693 1274 1713 ,

126 1741 193 1809 eila
212 1739 384 1827 perspexi.
437 1738 491 1806 De
506 1728 718 1834 'Britannicis
737 1737 1039 1832 robusqoognovi
1059 1759 1104 1807 ex
1125 1741 1194 1807 tuis

127 1846 255 1937 literis,
278 1845 362 1913 nibil
383 1864 484 1935 osae,
505 1864 571 1913 noe
592 1842 681 1934 quod
701 1848 887 1912 metuamus
907 1863 972 1912 neo
994 1844 1084 1934 quod
1101 1864 1193 1934 gau·

128 1953 279 2022 deamus.
321 1953 374 2021 De
388 1951 532 2040 publicis
547 1951 720 2041 negotia,
740 1970 827 2040 quaa
846 1953 902 2020 vis
922 1953 968 2020 ad
987 1956 1022 2021 te
1036 1952 1196 2020 Tironem

125 2059 292 2150 seribere,
313 2058 551 2148 negligentius
573 2057 618 2124 ad
639 2062 674 2124 te
688 2063 769 2126 ante
782 2058 994 2149 scribebam,
1017 2060 1105 2148 quod
1120 2079 1194 2128 om-

128 2166 202 2255 nia,
222 2165 356 2233 minima
375 2167 538 2252 maxima,
559 2163 603 2232 ad
625 2163 809 2234 Caesarem
829 2168 916 2235 mitti
936 2168 1095 2237 sciebam.

212 2273 387 2360 Rescripsi
401 2273 566 2360 epistolae
580 2273 757 2339 maximae.
800 2271 892 2338 Audi
906 2291 994 2340 nuno
1009 2272 1051 2340 do
1064 2274 1194 2341 miuus-
1234 2275 1295 2344 IV.
1320 2278 1370 2345 ii.

128 2376 228 2444 nula:
246 2377 283 2444 in
304 2396 369 2465 qua
389 2378 528 2466 primum
548 2383 606 2446 est
627 2379 670 2447 de
685 2376 796 2448 clodii
809 2378 855 2447 ad
869 2376 1053 2450 Gaesarem
1065 2380 1192 2452 literisr

125 2631 159 2686 L.
178 2629 339 2686 Cornelium
359 2630 490 2694 Bulbum,
514 2629 642 2685 coenaria
664 2629 871 2697 amicissimum,
899 2626 1081 2697 Gaditanum,
1111 2647 1128 2682 a
1147 2631 1195 2685 Cn.

125 2695 259 2776 Pompeio
283 2695 392 2751 ciuitate
413 2694 565 2776 donatum,
589 2712 644 2769 pro
688 2714 724 2750 uo
745 2705 787 2751 eat
807 2695 948 2778 Ciceronis
971 2695 1070 2749 oratio.
1103 2694 1139 2751 V.
1159 2692 1195 2775 qd

126 2759 407 2881 {¹³¹ffi‘17’7s5Em'fi}
427 2763 532 2878 Gra?
551 2763 663 2879 αίᾶιᾶριιι
675 2781 697 2815 u
707 2762 793 2882 sego,
817 2778 995 2882 augustimumE
1003 2758 1102 2880 h³b{⁰'
1137 2760 1195 2817 Cre.

128 2843 259 2948 sintita
274 2827 374 2945 inito
397 2835 539 2943 ibini·
619 2842 855 2955 iiiii-bizias
867 2839 956 2953 ‘itti
973 2844 1062 2962 iiio.
1082 2843 1194 2947 rint:

126 2961 159 3025 6,
178 2973 203 3012 a.
222 2988 255 3000 -
289 2956 320 3011 C.
346 2957 516 3019 ibebonr'um,
542 2966 602 3011 turn
619 2960 753 3030 temporis
767 2958 889 3041 legatum
908 2959 1034 3016 Caesario
1050 2959 1078 3013 in
1096 2957 1196 3014 Gallia.

126 3023 258 3079 Proximo
283 3038 356 3076 auno
377 3021 507 3100 tribunae
527 3022 566 3094 pl.
582 3023 669 3106 legem
688 3025 848 3081 Tribomam
867 3027 988 3093 tulerat,
1015 3040 1072 3106 quo
1090 3025 1195 3080 Caesar

129 3090 248 3145 Gelliam
268 3093 297 3143 in
315 3088 434 3142 alterum
452 3104 672 3161 quinquennium
689 3091 839 3162 obtinerem
861 3104 978 3166 praetor
996 3091 1048 3146 furt
1061 3108 1084 3147 a
1100 3109 1127 3147 u.
1142 3089 1195 3159 70⁶

128 3155 248 3235 Caesar?
267 3157 304 3213 11.
329 3154 552 3235 Coua.‚·oonoui
572 3157 705 3212 auffootue
728 3174 754 3216 a.
768 3177 798 3217 u.
813 3177 870 3230 709·
912 3159 1059 3215 Caesarem
1081 3162 1194 3212 aeonem

127 3220 204 3275 bello
218 3223 292 3275 orrrlu
326 3231 423 3293 postea
439 3230 510 3276 mter
552 3237 714 3279 ereuaaorea
729 3227 787 3281 eiua
800 3225 853 3280 fuit
892 3235 919 3280 et
932 3224 1065 3295 Smyrnae
1081 3238 1097 3276 a
1111 3221 1195 3276 Dola·

127 3286 203 3341 bellu
216 3261 378 3342 interiectus
391 3297 440 3343 eat.
473 3290 510 3344 V.
527 3238 595 3348 Bru.
611 3288 645 3343 ol.
658 3289 716 3347 Cic.
799 3335 804 3349 .
858 3265 867 3294 ⁹

195 3397 221 3462 ς.
243 3411 281 3448 ιο.
315 3395 453 3447 tribunatu
472 3393 604 3463 militum,
627 3411 729 3466 quem,
744 3394 793 3448 ubi
809 3394 914 3450 Bantir.
928 3404 1035 3458 monet,
1053 3393 1193 3448 Trebonio

126 3460 246 3515 fortunae
261 3469 357 3536 potero
377 3460 487 3515 volebat
532 3461 624 3516 uineae
640 3478 656 3516 a
675 3463 803 3517 Caesare.
821 3495 853 3507 -
893 3463 931 3516 M.
950 3462 1043 3512 Carrio
1060 3463 1193 3514 Postumo

127 3543 153 3579 r.
171 3542 257 3599 aupra
271 3523 307 3579 ad
321 3524 384 3577 libr.
402 3543 425 3581 o.
439 3543 483 3598 ep.
499 3547 508 3579 ι
537 3527 583 3598 ‚a
599 3559 631 3573 -
664 3531 731 3581 miti
749 3530 847 3596 negari
864 3543 880 3580 a
901 3528 1035 3594 Caesare,
1058 3524 1135 3598 quod
1155 3526 1193 3580 aie

127 3601 204 3664 poto.
215 3624 250 3636 -
283 3593 330 3664 qui
346 3593 410 3642 mebi
419 3592 525 3648 molesti
544 3606 609 3646 runt
649 3595 749 3650 etondo
764 3604 796 3648 ut
808 3609 854 3647 ooo
869 3592 982 3647 Caesari
997 3591 1194 3662 commendem,

150 3676 168 3711 a
871 3669 916 3713 oet
929 3657 1025 3713 Lamb.
1041 3669 1069 3713 et
1083 3659 1194 3733 Eroeet

128 3675 241 3786 gabuta.
256 3723 346 3796 vulg.:
366 3725 413 3793 qui
424 3725 476 3775 eibi
488 3728 594 3779 molesti
607 3739 678 3779 sunt.
696 3759 728 3770 -
771 3728 798 3778 in
815 3677 928 3778 segetem
945 3736 1082 3789 nostrum>
1105 3735 1137 3779 ut
1150 3738 1194 3778 re·

127 3792 260 3847 stituerer
273 3790 300 3844 in
310 3790 437 3860 patrium.
449 3822 484 3836 -
501 3809 547 3846 nee
557 3794 762 3861 ...gaudeamus
775 3792 813 3845 ob
823 3791 947 3866 exiguum
956 3790 1098 3863 praedam.
1113 3792 1150 3846 V.
1159 3789 1194 3843 ud

127 3855 295 3924 Att.q,16,
313 3854 362 3910 13:
386 3856 474 3908 Etrbm
495 3858 564 3910 illud
581 3862 634 3910 aiam
649 3861 785 3928 cognitum
802 3870 857 3920 eat,
874 3875 954 3928 oeque
969 3861 1079 3927 argenti
1093 3860 1194 3926 συνίῃ*

129 3925 253 3976 tumuere
267 3923 353 3975 allum
367 3924 394 3973 in
409 3922 458 3974 illo
474 3919 562 3976 insula
580 3940 660 3996 neque
675 3924 760 3976 allam
775 3940 846 3993 spem
857 3924 973 3994 praedae
987 3927 1041 3976 nisi
1051 3941 1083 3976 en
1097 3923 1195 3977 uranei·

127 3991 187 4058 piis,
220 3986 265 4068 rid
282 3987 335 4042 biv.
350 4004 381 4056 7,
396 4006 429 4060 7:
457 3991 487 4044 In
506 3990 649 4068 Britanm'a
670 3990 737 4042 niti!
753 4007 808 4041 esse
825 3991 906 4042 audio
931 4005 1010 4061 nequa
1031 3991 1097 4044 auri
1113 4002 1194 4068 queque

128 4065 244 4121 argente.
261 4085 295 4099 -
338 4056 472 4117 Tironem,
496 4062 667 4112 notissimum
691 4054 833 4112 Ciceronis
853 4055 993 4113 libertum.
1012 4074 1043 4100 ;.
1085 4068 1192 4107 rurum

129 4121 253 4181 murrina.
291 4121 327 4177 V.
341 4122 449 4193 Zumpt.
463 4118 557 4193 §.78a

169 3674 187 3712 o
206 3659 241 3711 ab
258 3672 293 3711 eo
309 3655 412 3727 aliquid
427 3658 585 3728 impetrent.
643 3662 666 3715 io
683 3659 836 3715 emendavit
