2768 4866
248 236 291 303 to
386 239 422 300 Μ.
443 239 475 299 Τ.
497 235 682 298 CICERONIS
703 234 854 296 aristot.
875 235 924 294 nt)
946 236 977 306 Q.
999 233 1167 294 FRATREM

107 420 149 487 V.
171 424 224 492 15.
326 422 367 487 ln
387 419 562 506 provincia
583 436 667 486 vero
687 417 780 502 ipsa,
807 416 838 480 si
859 432 955 499 quem
976 431 1016 481 es
1036 420 1177 500 nactus,
1202 416 1261 500 qui
1283 417 1320 481 in

244 532 335 594 tuam
356 526 616 593 familiaritatem
633 525 767 611 penitus
783 522 935 610 intrarit,
957 522 1013 607 qui
1025 521 1121 588 nobis
1136 524 1220 588 ante
1235 521 1317 588 loe-

244 633 289 698 rit
315 633 476 720 ignotus3
505 630 582 695 huic
610 634 768 715 quantum
795 625 998 694 credendum
1019 626 1082 713 sit,
1112 625 1212 692 uide:
1248 647 1316 693 non

245 739 323 825 quin
342 739 476 825 possint
494 737 589 802 multi
610 753 689 802 esse
709 733 936 820 provinciales
957 733 1022 798 viri
1043 733 1143 822 boni,
1167 735 1233 800 sed
1251 735 1316 802 hoc

244 863 385 931 sperare
410 845 508 931 licet,
539 843 688 911 iudicare
716 842 938 930 periculosum
965 846 1029 907 est.
1083 841 1198 906 Multis
1224 844 1314 909 enim

244 951 488 1017 simulationum
509 947 693 1014 involucris
721 949 851 1035 tegitur
877 951 913 1013 et
941 949 1035 1034 quasi
1057 948 1145 1016 velis
1167 950 1312 1034 quibus-

244 1054 319 1122 dam
348 1054 540 1121 obtenditur
569 1053 666 1120 unius
695 1054 854 1139 cuiusque
882 1057 1024 1118 natura:
1057 1053 1170 1138 frons,
1204 1055 1314 1143 oculi,

179 1143 188 1169 ¹
242 1161 359 1227 vultus
386 1176 554 1246 persaepe
583 1159 810 1248 mentiuntur,
847 1161 952 1225 oratio
985 1166 1067 1227 vero
1099 1159 1314 1246 saepissime.

245 1268 484 1354 Quamobrem,
506 1263 563 1352 qui
583 1269 680 1352 potes
695 1267 844 1351 reperire
860 1284 905 1332 ex
921 1284 961 1332 eo
980 1284 1109 1353 genere
1125 1265 1312 1359 hominum,

244 1377 301 1461 qui
320 1375 486 1461 pecuniae
502 1373 683 1459 cupiditate
705 1373 842 1440 adducti
863 1377 1002 1440 careant
1021 1373 1064 1438 iis
1081 1373 1181 1438 rebus
1199 1377 1313 1441 omni·

244 1481 328 1567 bus,
358 1500 379 1547 a
401 1481 519 1568 quibus
540 1500 603 1545 nos
626 1480 751 1547 divulsi
772 1500 852 1549 esse
874 1502 940 1549 non
960 1501 1157 1568 possumus,
1189 1485 1225 1549 te
1248 1502 1313 1550 au-

244 1590 330 1673 tem,
360 1587 505 1654 alienum
531 1587 713 1673 hominem,
744 1593 858 1655 ament
883 1606 928 1653 ex
956 1587 1063 1652 animo
1092 1605 1134 1651 ae
1161 1607 1229 1652 non
1259 1592 1313 1655 sui

244 1693 406 1760 commodi
437 1711 543 1760 causa
569 1683 758 1758 simulentl
810 1693 897 1760 Mihi
927 1693 1058 1780 quidem
1089 1712 1313 1780 permagnum

242 1801 398 1886 videtur3
419 1800 618 1885 praesertim
638 1799 669 1865 si
688 1799 788 1866 iidem
805 1801 953 1868 homines
969 1801 1136 1887 privatum
1151 1822 1218 1869 non
1237 1803 1313 1870 lere

244 1925 457 1994 quemquam,
485 1903 661 1992 praetores
689 1923 822 1993 semper
849 1927 962 1974 omnes
984 1913 1106 1974 amant.
1161 1907 1235 1991 Quo
1265 1929 1311 1977 ex

242 2032 372 2104 genere
401 2014 431 2078 si
458 2028 556 2098 quem
582 2011 670 2078 sorte
691 2012 741 2076 tui
762 2013 915 2099 cognosti
937 2013 1151 2078 amantiorem
1171 2050 1214 2062 -
1236 2015 1313 2081 fieri

244 2122 332 2189 enim
352 2119 460 2205 potuit
473 2156 515 2168 —
530 2135 627 2204 quam
647 2121 826 2207 temporis,
847 2117 936 2184 hunc
956 2137 1038 2185 vero
1060 2117 1104 2184 ad
1127 2122 1219 2184 tuum
1240 2142 1310 2186 nu-

243 2302 307 2357 Div.
322 2305 354 2372 5,
373 2305 402 2370 rt
421 2313 493 2361 extr..
525 2304 582 2360 Cic.
595 2307 679 2361 Verr.
700 2324 729 2371 1,
744 2305 776 2359 ab
800 2337 832 2346 —
866 2305 967 2374 aqu'd
985 2303 1038 2361 ie.
1056 2305 1160 2377 aliquid
1175 2307 1309 2379 improbi·

243 2368 314 2422 tetis.
328 2399 361 2411 -
394 2370 461 2443 null.
476 2382 549 2439 part.
565 2374 675 2428 ecr‘stirn.
690 2383 752 2424 tuae
770 2389 859 2427 comm.
875 2397 907 2419 =
923 2371 990 2423 nihil
1004 2371 1028 2424 ei
1044 2371 1186 2443 permitte,
1203 2377 1231 2427 in
1248 2393 1307 2447 quo

243 2435 316 2488 fama
331 2445 379 2490 tuo
395 2435 493 2509 agitur.

202 2507 205 2515 '
310 2503 345 2557 V.
368 2498 391 2569 b.
413 2501 450 2555 13.
493 2504 519 2553 si
536 2521 610 2574 quem
626 2502 712 2556 civem
730 2505 898 2571 Romanum,
917 2503 1080 2578 ‘negotiandi
1099 2521 1181 2558 causa
1199 2505 1225 2557 in
1245 2523 1307 2575 pro·

245 2564 330 2620 vincia
347 2565 489 2640 degentem
494 2587 503 2636 3
523 2567 599 2639 quod
617 2586 703 2642 genus
720 2570 859 2625 hominurn
876 2569 964 2624 statim
981 2571 1103 2642 appellat
1114 2571 1305 2639 prominulales,

243 2631 293 2685 ubi
313 2653 335 2687 v.
347 2644 405 2688 not.
422 2667 457 2680 -
490 2651 543 2686 non
558 2637 621 2704 quin
637 2663 670 2685 =
686 2636 761 2691 nicht
776 2640 816 2691 als
834 2638 872 2690 eb
890 2637 978 2705 nicht3
997 2656 1021 2691 v.
1040 2638 1149 2708 Zumpt,
1164 2633 1186 2754 p
1199 2636 1254 2688 536.
1268 2667 1301 2678 -

240 2701 418 2768 prooziroz'oles
440 2701 466 2752 h.
483 2701 502 2754 l.
524 2701 635 2755 omnino
658 2703 782 2774 appellat
801 2704 873 2758 cives
892 2704 1049 2769 Romanos,
1074 2714 1106 2756 ut
1129 2721 1165 2774 pu
1184 2700 1301 2768 licanos,

242 2767 443 2837 negotiatores,
466 2764 515 2888 (pul
531 2767 558 2819 in
576 2770 640 2822 Asia
655 2769 797 2840 provincia
813 2769 979 2824 domicilium
996 2768 1173 2823 fortunarum
1188 2782 1301 2820 suarum

244 2833 445 2886 constituerent
465 2833 473 2886 i
494 2835 559 2904 ique
582 2837 683 2890 multos
706 2854 758 2907 per
779 2853 865 2891 annos
882 2846 1142 2904 commorarentur3
1166 2831 1304 2904 aquibus

243 2912 307 2948 mox
324 2899 465 2966 Graecos,
484 2899 643 2972 provinciae
660 2902 779 2969 incolas,
795 2902 942 2975 distinguit.
957 2931 990 2944 -
1023 2903 1158 2962 abdicare,
1176 2899 1227 2952 sibi
1245 2915 1307 2968 per-

242 2962 372 3030 suadere,
388 2964 491 3018 benum
508 2982 568 3019 esse
582 2967 708 3020 illum.-
741 2973 788 3039 qui
849 2981 970 3030 careant,
1034 2981 1059 3018 te
1072 2979 1167 3019 cutem.
1201 2967 1306 3020 schum

242 3037 308 3113 post
324 3033 371 3100 qui
385 3030 500 3086 inseruit
514 3050 594 3103 quum
613 3044 640 3086 et
658 3045 683 3085 te
700 3047 788 3085 cratem
810 3035 924 3087 mutavit
939 3033 967 3085 in
984 3046 1070 3085 tomen
1086 3045 1118 3085 te.
1162 3034 1224 3108 Qua
1242 3048 1308 3085 con·

240 3106 349 3153 rectura
363 3113 433 3167 opus
446 3116 501 3151 non
518 3109 594 3165 erat,
612 3115 699 3171 quum
716 3101 803 3152 altera
819 3099 967 3165 sententia,
985 3115 1001 3150 a
1017 3112 1042 3150 te
1055 3111 1143 3150 autem
1161 3098 1309 3168 incipiens,

263 3162 367 3216 riorem
380 3163 463 3237 magis
478 3165 607 3220 illustret.
621 3197 653 3208 -·-
687 3178 796 3217 careant
810 3167 842 3216 iis
858 3166 934 3218 rebus
948 3183 1034 3226 omn„
1048 3164 1175 3217 nimirum
1190 3168 1245 3217 vita
1262 3183 1309 3217 ur·

241 3182 334 3298 Kana,
356 3240 520 3301 parentum,
547 3231 720 3297 liberorum,
745 3231 895 3284 amicorum
918 3229 1132 3297 consuetudine,
1157 3232 1306 3284 literarum

242 3294 348 3362 studio,
365 3296 467 3367 quibus
482 3297 589 3352 nonnisi
602 3299 703 3352 Romae
719 3313 803 3351 verua
814 3298 951 3350 Romanus
967 3313 996 3350 se
1009 3297 1064 3350 frui
1082 3314 1163 3368 posse
1179 3297 1308 3378 putabet.

243 3395 277 3408 -
292 3363 418 3426 alienum,
432 3363 509 3418 cuius
518 3381 610 3419 mores
620 3365 655 3418 ab
664 3366 780 3419 istorum
789 3365 913 3417 moribus
926 3363 1088 3426 abhorrent,
1102 3365 1145 3416 cui
1161 3362 1228 3417 nrbil
1241 3381 1308 3416 curn

243 3428 282 3482 eia
297 3445 450 3485 commuue.
463 3463 497 3475 -
529 3448 723 3499 permagnum,
739 3429 943 3498 difficillimum,
960 3429 1004 3481 vix
1020 3430 1162 3498 credibile,
1177 3447 1217 3484 ae.
1235 3430 1308 3483 tales

243 3494 367 3548 hemines
381 3495 517 3567 reperire.
530 3529 564 3540 -
593 3499 751 3565 praesertim
761 3498 788 3549 si
804 3497 881 3547 iidem
941 3508 1041 3549 omont.
1069 3498 1166 3549 Lamb.
1186 3496 1308 3549 coniecit

241 3577 328 3631 praes.
348 3578 427 3630 quum
442 3565 519 3616 alitem
537 3603 543 3616 .
558 3603 585 3617 ..
606 3574 700 3616 ament.
740 3561 828 3615 Etiam
846 3563 955 3615 Ernest.
971 3563 1084 3617 volebat
1100 3566 1126 3615 εἰ
1205 3575 1306 3618 rement.

222 3638 231 3655 ³
244 3626 333 3680 Orell.
341 3623 468 3698 adnotat,
485 3627 604 3702 potuisse
614 3629 776 3682 Ciceronem
787 3626 911 3682 scribere
925 3631 951 3679 εἰ
962 3630 1064 3700 quidem
1076 3631 1152 3681 iidem
1167 3669 1191 3686 ..
1204 3640 1309 3690 ament,

244 3692 365 3746 noluisse
387 3703 479 3748 autom
498 3704 615 3768 propter
631 3694 753 3765 proxime
773 3691 942 3765 praecedens
964 3697 1074 3766 quidem.
1094 3729 1127 3737 —
1165 3706 1308 3764 praetores

244 3776 322 3827 semp.
339 3775 409 3814 omn.
430 3775 539 3826 omont,
556 3779 611 3816 non
626 3777 743 3828 revera,
766 3758 814 3813 sed
831 3777 923 3814 amare
938 3762 1082 3828 simulant,
1108 3760 1173 3832 quio
1189 3760 1306 3813 illorum

245 3840 332 3896 opera
346 3836 460 3903 sperant
476 3845 505 3881 ae
520 3846 571 3883 ouo
586 3825 731 3882 commodo
746 3826 850 3881 servire
884 3845 999 3883 oasa-
1033 3830 1157 3896 temporis
1172 3827 1196 3880 b.
1210 3827 1229 3879 l.
1245 3843 1307 3878 mu-

207 3924 213 3933 =
243 3892 318 3945 neria
333 3899 374 3944 tur
387 3894 520 3963 praetorii
532 3894 567 3948 ad
581 3905 689 3965 tempus
703 3890 774 3963 dati,
791 3910 848 3966 quo
882 3893 1095 3967 quummaxime
1112 3893 1198 3965 geris,
1215 3909 1306 3964 quurn

244 3968 431 4030 propraetore
449 3961 607 4030 provinciae
627 3977 736 4033 praees.
768 3980 795 4015 v.
816 3978 860 4034 ep.
879 3962 913 4015 ad
929 3960 983 4014 dir.
1001 3977 1047 4028 ro,
1065 3977 1086 4010 1.
1107 3959 1172 4012 ubi:
1198 3961 1254 4022 „ai
1269 3960 1308 4009 ad

244 4035 321 4076 tuum
336 4036 388 4077 tem
405 4042 438 4076 us
452 4026 620 4080 deduciruru
636 4028 655 4082 i.
670 4044 694 4081 e.
713 4026 748 4080 ud
767 4029 941 4081 consulatum
959 4036 1045 4080 tuum.
1059 4057 1091 4069 -
1125 4036 1201 4077 tunm
1216 4043 1305 4077 nurne-

245 4107 312 4145 rum.
346 4043 459 4147 Scito.
477 4107 540 4145 eum
556 4091 657 4147 Ursino
681 4109 696 4146 e
715 4092 840 4163 Longolii
858 4091 950 4146 codiee
972 4089 1047 4146 dedit
1063 4102 1171 4144 tuorum
1184 4109 1255 4145 num.
1273 4124 1305 4134 .-
