2768 4866
117 1953 149 2020 i.

188 273 238 344 Ἦ
329 279 365 340 bi.
387 278 418 339 T.
440 274 624 340 CICERONIS
645 273 800 339 bristou.
821 274 871 338 Ab
892 275 923 348 0.
945 274 1115 339 FRATREM

189 460 284 528 ieris.
333 442 519 525 brittene
541 457 673 545 quidem
694 454 809 544 adid,
842 455 932 544 quod
950 459 1155 545 exspectas,
1187 456 1257 526 iere

191 585 265 634 cum
285 570 344 632 tuo
365 565 476 632 reditu
501 565 703 653 iungentur3
732 562 863 648 reliqua
889 562 1099 651 singulorum
1128 561 1256 629 dierum

190 673 375 740 scribemus
390 671 434 739 ad
448 673 535 760 te‚si
548 670 645 738 medo
660 669 856 737 tabellarios
870 672 906 736 tu
920 669 1110 756 praebebis.
1129 669 1255 753 Quem·

191 798 291 866 quem
311 779 475 848 eiusmodi
495 779 607 867 frigus
628 776 859 868 impendebat,
879 782 917 845 ut
935 796 1096 844 summum
1116 777 1255 869 pericu-

190 888 258 957 lum
279 891 392 976 esset,
413 904 458 953 ne
479 886 589 972 Appio
610 901 692 951 suae
711 883 818 954 aedes
838 887 1037 953 merentum·

519 1180 790 1260 bblsbolm
816 1178 924 1255 XIII.

190 1324 300 1401 Scripta
319 1321 422 1382 Romae
442 1320 574 1399 postridie
601 1321 665 1383 idus
684 1323 764 1385 Febr.
787 1322 820 1381 A.
840 1321 874 1382 U.
896 1319 925 1382 C.
948 1319 1008 1381 700
1036 1323 1084 1396 (e.
1106 1317 1172 1380 Gbr.
1193 1319 1253 1395 st)

210 1418 213 1423 ’
246 1428 249 1433 ’
578 1420 675 1483 iisdem
696 1421 862 1483 consulibus.
956 1447 961 1456 ·

191 1567 400 1633 Arqumcntum.
435 1562 478 1614 De
495 1560 581 1634 rebps
598 1556 639 1615 Id.
657 1557 744 1613 Febr.
761 1559 788 1631 in
804 1567 902 1612 senatu
926 1556 993 1612 actis
1018 1526 1113 1625 1-33¹
1142 1554 1177 1613 de
1194 1557 1254 1612 Gel-

289 1643 406 1698 listbene
423 1651 451 1698 et
469 1641 603 1711 Philisto,·
614 1639 743 1696 historiae
759 1637 942 1713 scriptoribus
958 1642 984 1707 4.

451 1817 644 1886 marcus
674 1815 714 1900 Q.
744 1814 919 1882 ussum
945 1812 985 1887 s.

272 1941 349 2010 Risi
376 1943 513 2008 »nivem
539 1946 688 2007 atramo:
719 1944 820 2025 teque
848 1938 947 2005 hilari
973 1936 1083 2004 anime
1110 1952 1192 2007 esse
1219 1943 1252 2006 et

190 2052 343 2136 prompto
372 2047 416 2113 ad
443 2046 618 2112 iocandum
639 2044 740 2112 valde
762 2060 816 2112 me
836 2047 942 2111 iuvet.
992 2045 1045 2111 De
1070 2044 1251 2134 Pompeio,

192 2155 362 2221 assentior
381 2152 459 2240 tibi,
481 2153 538 2220 vel
558 2157 594 2218 tu
614 2153 726 2240 potius
742 2151 832 2216 mibi.
874 2150 981 2234 Nam,
1003 2151 1145 2239 uteris,
1167 2153 1252 2219 iam·

192 2259 319 2348 pridem
351 2260 451 2325 istum
480 2265 577 2326 canto
607 2258 801 2328 Gaesarem.
852 2257 936 2324 biibi
965 2257 1084 2344 erede,
1114 2259 1151 2324 in
1178 2260 1252 2325 sinu

116 2369 150 2438 ᾖ.
192 2371 266 2433 est:
287 2385 397 2454 neque
413 2384 486 2455 ego
508 2366 693 2456 discingor.
735 2364 919 2455 Cognosce
935 2384 1024 2432 nunc
1041 2364 1135 2432 Idus.
1154 2389 1156 2393 ’
1179 2365 1250 2432 De·

180 2596 245 2667 fere
260 2618 319 2652 cum
336 2612 383 2653 tuo
400 2603 488 2654 reditu
504 2603 649 2671 iungentur
670 2601 686 2654 i.
702 2616 726 2655 e.
744 2617 781 2657 eo
793 2600 854 2655 fere
873 2611 999 2674 tempore
1019 2602 1194 2673 perferentur
1211 2597 1245 2653 ad

189 2670 309 2737 teffiquo
326 2677 358 2722 tu
374 2665 493 2722 reditum
510 2666 544 2721 ad
558 2685 609 2722 nos
627 2667 748 2740 parabis.
767 2699 801 2712 -
819 2668 1067 2739 ·οἰαεηιοιίἰ[νιξνιισΙ
1075 2688 1090 2732 ,-
1112 2667 1169 2723 ride
1189 2666 1244 2720 init.

189 2731 246 2784 hui.
269 2734 347 2804 epist.
365 2765 396 2775 -
438 2751 501 2785 suae
522 2735 597 2786 aedes
616 2747 772 2796 urerentur,
799 2733 875 2806 quod
893 2724 1018 2790 ifflomo
1034 2733 1170 2802 consulis,
1194 2749 1248 2806 quo

188 2797 325 2851 salutandi
341 2814 373 2852 sc
395 2797 548 2853 deducendi
568 2815 649 2853 cause
669 2816 752 2871 quam
773 2798 885 2871 plurimi
900 2802 1093 2867 convenirent,
1118 2801 1250 2856 caminum

189 2878 250 2917 esse
265 2875 424 2936 oporteret,
449 2865 730 2954 saeviente-frigore&
744 2866 1005 2949 luculentissimpm‚
1025 2867 1131 2922 Monac.
1165 2865 1253 2944 Benti:

189 2929 363 3050 ppppatapmtp
378 2930 1255 3073 piqplrppptapunpipppssmpcppuodreclpurpisppplspplsmpqppspmegrppefippr

188 3071 293 3134 quatur
309 3062 424 3133 Cicero)
440 3013 559 3127 mordet,
575 3065 670 3126 credo,
687 3066 827 3117 auaritiam
842 3067 925 3135 Appii
938 3064 1006 3136 (2).

584 3161 767 3226 EPISTOL'A
787 3169 862 3227 XIII.

255 3243 281 3304 ς.
302 3254 324 3291 ι.
356 3239 441 3288 urben
457 3246 558 3298 arram,
575 3247 612 3290 sc.
635 3234 669 3289 de
689 3251 744 3310 que
760 3236 903 3310 scripsisti.
928 3239 1107 3317 Anaxagorae
1126 3236 1181 3292 mit
1197 3255 1215 3292 o
1236 3236 1253 3290 i·

188 3300 252 3369 urio,
266 3300 356 3355 nivern
371 3317 430 3355 esse
446 3311 550 3382 stram2
565 3299 640 3375 qued
655 3319 688 3356 ex
709 3319 781 3374 equa
797 3303 891 3370 tieret,
907 3319 979 3374 quse
998 3318 1076 3376 nigre
1096 3314 1179 3359 esset.
1243 3343 1250 3357 .

189 3366 247 3420 Cic.
263 3365 347 3422 acad.
362 3385 394 3426 a.
408 3367 449 3422 dr.
488 3366 647 3441 scripserit
661 3369 777 3424 sortasse
793 3370 926 3448 Quintus,
951 3368 1040 3422 nivem
1056 3379 1146 3424 atram
1165 3388 1196 3424 se
1215 3371 1252 3424 io·

188 3432 311 3500 demisse,
326 3435 405 3507 quasi
424 3431 529 3487 tristem
545 3435 710 3506 minimeque
726 3435 889 3501 iucundam,
906 3434 971 3506 quie
987 3434 1089 3489 scilicet
1105 3437 1130 3488 ei
1144 3453 1199 3508 per
1216 3436 1252 3490 ni·

188 3514 236 3550 ves
252 3497 499 3553 incommodissime
514 3499 612 3555 itinere
630 3499 766 3568 cundum,
789 3518 821 3554 ac
832 3502 908 3555 forte
923 3500 1003 3553 etiarn
1019 3501 1046 3554 in
1060 3501 1125 3573 ipsis
1142 3502 1251 3556 nivibus

189 3581 250 3616 cum
264 3564 358 3629 hoste,
374 3583 430 3620 non
445 3567 503 3621 siue
518 3584 625 3621 summo
643 3567 712 3620 vitae
727 3565 880 3621 discrimine
894 3565 1070 3639 pugnandum
1085 3567 1169 3624 foret.
1197 3571 1251 3621 Ma·

189 3640 247 3681 nur.
268 3662 302 3676 -.
334 3632 364 3683 de
380 3632 516 3702 Pompeio,
539 3650 595 3687 non
611 3631 779 3686 deberemus
800 3633 880 3687 unius
905 3633 1029 3704 Pompeii
1052 3633 1251 3701 amicitiamn,

188 3694 335 3749 Caesarem
358 3697 438 3751 simul
460 3711 519 3752 esse
541 3697 796 3770 complectendum,
819 3710 851 3753 ut
867 3700 984 3753 amicum
1000 3701 1066 3754 Pom
1089 3701 1132 3754 eie
1149 3701 1252 3756 firmio·

75 3824 78 3830 .
188 3776 256 3816 rem.
271 3794 303 3806 -
337 3775 428 3826 conco,
445 3763 585 3835 praedico,
601 3766 731 3832 celebro,
749 3764 777 3818 in
793 3783 843 3820 ore
860 3765 1024 3838 frequenter
1041 3765 1075 3818 ba
1097 3781 1140 3822 eo.
1158 3801 1191 3812 -
1225 3770 1252 3820 ia

187 3828 248 3944 plebe
263 3839 303 3878 erc
317 3846 396 3899 aeque
412 3847 461 3897 ego
478 3831 631 3912 dglror'ngor,
655 3831 737 3911 faveo
755 3849 847 3913 meque
864 3833 959 3886 ferere
976 3849 1098 3903 unquam
1114 3831 1252 3914 desipem,

187 3895 975 4037 ..tibitibittffibtfbtsttt¹0¹3ttttttfflt
991 3914 1111 3969 (Μ
1125 3899 1253 3955 ⁰¹⁰¹⁴¹⁸¹¹²

252 4059 278 4124 5.
294 4070 317 4106 a.
352 4055 432 4117 idus,
448 4071 520 4126 quae
535 4055 624 4111 idibus
641 4056 803 4114 Februariis
820 4058 892 4113 fecte
911 4054 984 4113 sunt.
1018 4058 1137 4134 Scripsit
1160 4070 1252 4118 eutem

188 4117 256 4174 bene
273 4118 417 4192 epistolam
431 4121 563 4192 postridie
577 4120 638 4177 idus
654 4139 740 4178 mane.
774 4127 809 4180 V.
828 4123 856 4180 b.
870 4139 916 4196 ep.
931 4133 1003 4179 extr.
