2768 4866
189 244 257 314 11⁰
337 246 375 307 tl.
391 244 422 306 T.
443 241 627 306 cicuhohis
648 240 803 308 reisach
822 241 871 303 'AD
892 242 924 313 Q.
947 236 1118 303 FRATREM

188 428 387 498 lleasidium
409 445 482 496 cunr
502 426 712 510 Philoxeno,
744 441 952 512 aquamque,
982 441 1081 510 quam
1109 423 1136 489 ii
1159 421 1262 491 duce·

189 541 271 608 hant
290 559 357 607 non
378 539 484 626 longe
504 556 525 604 a
545 537 648 623 villa,
669 533 758 602 helle
775 551 861 600 sane
876 533 1031 600 fluentem
1046 531 1140 620 vidi,
1161 550 1260 620 prae·

188 648 306 714 sertim
327 646 472 712 maxima
490 643 665 710 siccitate:
698 638 954 725 uberioremque
983 638 1162 725 eliquanto
1186 655 1262 706 sere

190 751 393 821 coDecturos
424 768 504 817 esse
533 747 703 815 dicebant.
758 743 860 831 Apud
885 742 1012 811 Herum
1045 749 1143 811 reete
1178 749 1260 812 erat.

188 860 230 927 ln
249 859 434 927 Maniliano
459 854 583 923 offendi
602 852 773 940 Diphilum
793 851 928 939 Diphilo
951 850 1147 946 tardiorem.
1192 849 1260 918 Sed

189 971 300 1032 tamem
321 962 404 1029 nihil
425 960 457 1028 ei
477 957 632 1027 restabat
651 962 790 1045 praeter
810 956 982 1024 balnearia
1002 961 1038 1023 et
1057 955 1259 1023 ambulatio-

189 1089 267 1140 nem
288 1073 325 1137 et
345 1066 519 1137 aviarium.
568 1065 662 1133 Villa
681 1064 762 1133 mihi
781 1062 885 1131 valde
905 1063 1052 1151 placuit,
1082 1067 1261 1150 propterea

189 1176 279 1265 quod
306 1193 466 1245 summam
497 1172 697 1262 dignitatem
724 1168 957 1259 pavimentata
976 1169 1130 1257 portione
1152 1169 1259 1238 hahe-

190 1285 271 1351 hatt
305 1281 392 1371 quod
412 1280 492 1348 mihi
511 1299 602 1347 nune
622 1279 766 1364 deniqne
787 1276 961 1364 apparuit,
981 1278 1210 1364 posteaquam
1230 1279 1260 1342 et

189 1391 267 1476 ipsa
294 1392 366 1455 tota
393 1389 489 1475 patet
517 1390 554 1453 et
582 1386 755 1452 columnae
782 1382 910 1469 politae
932 1384 1021 1448 sunt.
1075 1381 1204 1448 'l'otum
1229 1383 1259 1448 in

192 1515 233 1564 eo
255 1500 310 1574 est
331 1532 371 1544 -
392 1493 481 1582 quod
502 1493 582 1559 mihi
604 1493 669 1559 erit
689 1508 852 1557 curae-
873 1489 1048 1556 tectorium
1065 1491 1104 1554 ut
1123 1489 1261 1556 conuin-

191 1620 269 1667 num
297 1601 353 1665 sit
404 1597 604 1664 Pavimenta
623 1597 718 1661 recte
738 1593 813 1661 deri
831 1593 1045 1663 vidchantur.
1095 1592 1260 1661 Camacas

115 1719 149 1790 2,
191 1704 353 1795 quasdam
384 1722 452 1770 non
480 1701 623 1790 probavi
649 1701 837 1790 mutarique
867 1700 963 1767 iussi.
1019 1697 1093 1781 Quo
1123 1699 1260 1789 locoin

189 1812 323 1900 porticu
344 1814 379 1878 te
400 1808 551 1877 scrihere
573 1806 669 1875 aiunt
688 1810 725 1873 ut
747 1806 901 1901 atriolum
917 1807 1003 1895 hot,
1016 1805 1117 1896 mihi,
1142 1810 1179 1873 ut
1199 1811 1261 1893 est,

190 1919 303 2005 magis
326 1916 496 2004 placebat.
537 1914 659 2002 Neque
681 1914 774 1980 enim·
790 1914 876 1982 sotis
894 1913 960 1980 loci
980 1911 1165 1979 videbatur
1187 1931 1262 1981 esse

192 2024 337 2092 atriolux
368 2041 478 2110 neque
504 2022 578 2089 iere
598 2022 693 2089 solet
712 2021 779 2088 nisi
798 2022 835 2089 in
854 2022 903 2088 iia.
917 2016 1081 2087 aediliciis
1102 2017 1199 2109 lieri,
1230 2021 1258 2087 in

192 2221 317 2298 praedio.
342 2224 381 2279 V·
397 2221 469 2276 inira
485 2237 530 2293 ep.
541 2221 573 2290 ³,
588 2239 667 2343 1313,
682 2242 759 2293 7.·-
792 2224 897 2278 Massici.
915 2241 976 2278 oum
987 2223 1106 2287 Paulos„
1125 2225 1260 2280 redemto-

192 2307 239 2345 res
254 2307 268 2342 a
293 2304 343 2343 uae
359 2286 589 2342 deducendae-
644 2309 730 2354 erum,
748 2289 869 2345 villicum
883 2290 911 2345 iu
925 2293 1045 2356 Arcano,
1060 2301 1092 2345 ut
1108 2290 1182 2348 inira
1196 2298 1221 2358 s.
1236 2291 1260 2344 5.

191 2305 377 2474 Νἰεειίῗιοιιιιιι
393 2354 421 2407 in
436 2353 558 2408 Laterio.
571 2389 604 2400 -
637 2358 793 2419 Mahih'auo.
818 2357 858 2410 lta
873 2353 953 2410 codd.
968 2354 1093 2427 edittque
1110 2356 1185 2429 apud
1196 2359 1260 2410 Ben-

193 2422 288 2495 tivog.
306 2420 435 2475 etOrell.
469 2422 526 2476 Vul
546 2439 563 2475 ο
582 2423 727 2477 Manliano.
756 2421 961 2488 4Ειιιιίιιιᾶιιι,
987 2440 1042 2475 non
1058 2423 1142 2496 longe
1158 2421 1258 2477 aher-

192 2504 263 2542 csuc
280 2487 389 2541 dissitus
407 2504 440 2541 ne
463 2505 499 2541 ue
516 2437 551 2542 ιιῗι
570 2488 624 2543 hoc
638 2489 799 2556 seiunctus,
823 2489 851 2541 in
872 2504 930 2559 quo
948 2488 1078 2560 Diphilus
1096 2489 1255 2543 architectus

193 2554 285 2608 villam
298 2555 402 2631 Quinto
417 2504 590 2608 as‘dificoboc.
618 2555 661 2608 cl.
675 2555 808 2626 infraep.
827 2554 858 2620 ὃ,
876 2572 905 2621 ¹3
924 2571 955 2624 ι),
971 2572 996 2624 7.
1014 2588 1047 2597 -
1081 2555 1182 2625 Diphilo
1197 2552 1213 2605 i.
1228 2567 1251 2605 e.

193 2637 223 2676 se
236 2620 297 2692 ipso
313 2637 335 2675 s.
351 2621 447 2688 solito,
471 2636 501 2673 ee
516 2619 606 2691 ipsum
626 2620 753 2674 tarditate
769 2638 801 2674 su
824 2629 963 2684 arantem,
987 2637 1074 2691 quum
1093 2623 1143 2674 iam
1157 2628 1250 2673 natura

192 2687 282 2759 segnis
302 2697 381 2741 esset.
400 2719 434 2732 -
467 2688 586 2739 restabat
607 2703 645 2740 ac,
666 2698 795 2742 exstruen
837 2704 871 2741 m.
896 2717 927 2729 -
962 2684 1206 2748 ambulationem
1225 2701 1254 2756 p·

193 2752 341 2821 aethriam,
369 2753 472 2834 locum0
485 2749 687 2806 deambulando
707 2752 888 2821 destinatnm3
925 2767 948 2805 v.
965 2752 1076 2808 Vitruv.
1094 2755 1125 2819 5,
1142 2770 1168 2872 ἲ.
1191 2702 1258 2806 Pili.

192 2820 220 2873 h.
237 2838 263 2874 n.
281 2819 330 2886 36,
350 2835 395 2886 aa,
417 2821 455 2875 18.
477 2851 510 2862 -
549 2822 682 2871 occursum
707 2836 745 2874 sc.
766 2821 925 2888 stabulum,
946 2819 1040 2873 locum
1059 2819 1086 2871 in
1107 2819 1188 2884 vila,
1213 2817 1258 2871 uhi

193 2901 258 2938 aves
272 2884 417 2938 alerentur
435 2883 470 2939 ad
491 2883 705 2939 oblectationem
726 2884 880 2954 victomve;
903 2904 929 2938 v.
952 2883 1062 2939 Colum.
1078 2883 1113 2952 8,
1133 2904 1154 2937 ι.
1178 2887 1261 2940 Varr.

193 2951 226 3004 R.
239 2951 273 3003 Β.
289 2968 319 3015 ι,
334 2950 384 3017 38,
397 2967 428 3019 ²3
451 2953 483 3016 3,
497 2950 531 3014 3,
545 2954 562 3006 5
580 2963 608 3006 et
622 2959 654 3018 4,
667 2954 692 3006 3.
707 2986 738 2996 -
772 2954 940 3021 &gentiacum
954 2949 1148 3022 splendorem,
1164 2950 1263 3025 magni·

192 3015 346 3082 licentiam,
363 3032 436 3087 quae
449 3033 466 3069 a
479 3017 678 3086 pulchritudine
692 3019 729 3073 ita
745 3016 853 3081 differt,
872 3028 901 3071 ut
914 3016 1028 3091 dignitas
1044 3016 1263 3084 admirationem,

193 3084 262 3138 haee
281 3081 451 3153 voluptatem
464 3083 572 3136 excitet.
589 3085 628 3138 cf.
644 3085 737 3138 Bromi
752 3084 1035 3156 adC.Nep.Themist:
1045 3084 1070 3135 (s.
1087 3083 1216 3138 colhcio.
1229 3081 1262 3136 de

193 3149 249 3204 iar.
264 3165 295 3215 a,
314 3166 336 3202 1.
353 3148 408 3203 Off.
426 3167 449 3216 1,
461 3149 502 3204 36.
520 3181 553 3194 -
584 3152 777 3219 pauimentum,
790 3160 876 3207 strata
892 3151 1057 3221 pavimento,
1074 3150 1151 3221 quod
1167 3161 1216 3205 aut
1231 3164 1263 3202 ex

193 3230 350 3282 marmore,
368 3225 416 3269 aut
430 3231 463 3268 ex
478 3232 565 3287 opere
580 3216 758 3270 vermiculato
773 3237 794 3272 s.
806 3217 936 3272 tesselato
954 3225 1023 3270 erat.
1060 3222 1095 3274 V.
1111 3215 1264 3270 Mitscherl.

194 3282 230 3340 ad
245 3285 344 3336 Horat.
361 3280 405 3335 od.
423 3299 448 3350 a,
465 3284 503 3348 iq,
518 3298 557 3353 ²7·
576 3281 633 3336 cic.
672 3300 704 3336 ro
719 3281 792 3338 dom.
804 3289 847 3352 qq.
861 3315 893 3326 -
926 3295 985 3334 tota
993 3295 1083 3352 putet,
1098 3283 1262 3336 instrumen-

194 3348 228 3403 tis
244 3347 392 3402 fabrilibus
408 3349 529 3402 remotis.
544 3380 574 3391 ·-
609 3300 745 3402 rotimum
759 3351 832 3404 circa
846 3349 992 3420 porticum.
1008 3382 1041 3399 .-
1080 3352 1174 3402 Totum
1191 3352 1219 3400 iu
1233 3365 1262 3398 eo

194 3426 234 3470 eet
249 3416 265 3469 i.
280 3430 302 3468 e.
317 3414 407 3468 omnia
421 3414 484 3468 inde
497 3411 626 3485 prudent.
656 3415 698 3469 ef.
714 3413 748 3468 ad
763 3420 819 3470 Att.
833 3414 865 3482 5,
879 3432 925 3483 ao,
940 3433 965 3483 7.
980 3448 1013 3460 -
1046 3415 1206 3476 tectorium,
1224 3413 1262 3467 iu·

194 3479 327 3534 eructatio
344 3497 378 3534 cx
394 3481 469 3535 calce
488 3492 515 3535 et
532 3497 626 3534 arena.
661 3484 697 3536 V.
710 3482 821 3538 Vitrur.
833 3499 865 3548 7,
877 3479 910 3548 33
929 3481 961 3549 5,
979 3499 1017 3535 ro.
1039 3514 1072 3526 -
1105 3483 1262 3534 concinnum

193 3545 212 3599 ἱ.
228 3561 253 3599 e.
267 3547 339 3599 bene
357 3547 468 3603 mistum
484 3557 539 3601 eta
561 3559 587 3600 te
603 3548 800 3620 compositum,
814 3547 932 3619 elegans.
965 3546 1107 3601 Manutius
1121 3547 1180 3600 sive
1199 3563 1264 3600 oon·

193 3611 373 3666 iactura'sive
396 3631 460 3666 eum
485 3565 564 3667 rods.
580 3613 662 3694 legit:
687 3616 859 3671 continuum,
885 3611 962 3684 quod
983 3613 1119 3685 explicat,
1145 3629 1205 3666 aas
1225 3612 1263 3665 in·

195 3679 329 3732 eructatio
343 3678 426 3733 rimas
442 3690 519 3752 agat,
537 3697 571 3734 ne
586 3680 681 3734 vitium
696 3679 810 3734 faciat«
828 3710 862 3722 —
896 3682 1035 3742 Cumaras,
1052 3690 1124 3734 tacta
1135 3678 1264 3732 concavis

193 3743 346 3798 fornicibus
369 3762 519 3818 suspensa,
540 3757 663 3801 arcuata.
706 3749 741 3802 V.
763 3745 876 3799 Vitrur.
896 3747 928 3815 5,
950 3764 988 3801 ro.
1037 3749 1079 3799 Du
1104 3743 1264 3798 diversitate

195 3809 351 3881 scripturae
369 3812 396 3865 h.
412 3831 438 3866 ι.
471 3813 587 3867 Bentivu
606 3811 625 3867 l.
642 3811 675 3865 ad
692 3813 718 3866 h.
731 3811 750 3866 l.
769 3809 901 3866 adnotat:
929 3815 1066 3865 »Conium
1084 3809 1264 3868 scribendum

195 3877 334 3931 affirmant
349 3876 505 3945 Charisius,
524 3883 579 3951 pt
601 3919 609 3947 ‚
627 3895 659 3932 er
675 3875 779 3935 Verrio
793 3878 910 3947 Flacco,
935 3885 963 3934 e't
982 3883 1132 3933 Burmann.
1162 3875 1197 3931 ad
1215 3878 1265 3931 Pe·

195 3942 317 3997 tranium
332 3958 357 3995 c.
372 3946 420 4011 30,
441 3945 585 4015 nimirum,
603 3956 634 4000 ut
653 3944 753 4000 Graeci
772 3943 844 4008 καμά
859 3969 876 4002 a
886 3965 896 4016 5
928 3963 1032 3997 canera
1050 3954 1142 3998 tamen
1158 3943 1264 3998 habant

194 4008 359 4078 Lucretius,
374 4011 519 4065 Vitruvius
534 4030 562 4079 7,
576 4015 607 4081 3,
624 4023 652 4066 et
668 4011 771 4066 Plinius
787 4012 823 4066 Ν.
862 4048 870 4065 .
888 4010 1020 4084 pluribus
1036 4010 1064 4064 in
1078 4011 1179 4066 locist

260 4072 285 4145 ὃ.
311 4093 335 4133 a.
374 4077 434 4142 Quo
454 4076 512 4130 loeo
534 4081 561 4130 ιἰι
582 4082 692 4148 porticu
709 4103 744 4137 ,=
768 4080 847 4134 locus
871 4076 898 4130 in
919 4075 1044 4149 porticu,
1069 4093 1130 4150 quo
1156 4087 1212 4132 cet.
1231 4109 1265 4122 -
