2768 4866
441 281 502 341 tut.
525 279 567 341 lll.
603 281 659 341 ΕΡ.
681 282 726 342 lX.
1048 276 1115 345 155

51 465 178 548 frater,
207 461 380 547 cogitaris.
419 458 483 524 Be
504 458 649 544 epistola
671 459 816 543 Vatinii,
843 461 913 527 risi.
959 459 1032 529 Sed
1058 477 1112 528 me
1152 455 1187 526 b.
1243 538 1251 544 ,

52 571 95 636 ab
116 586 159 634 eo
179 566 228 633 ita
250 565 427 632 observari
448 564 540 652 seio,
561 569 598 630 ut
619 566 692 633 eius
709 567 777 634 ista
793 564 869 633 odia
881 587 949 635 non
961 569 1116 638 sorbeam
1218 567 1222 574 ’

51 673 181 761 solum,
202 671 267 739 aed
287 671 388 738 etiam
408 688 625 755 concoquam.
678 672 775 755 Quod
802 691 856 739 me
883 672 1047 764 hortaris,
1076 680 1115 743 ut
1155 666 1190 738 6.

54 778 249 846 absolvam:
270 776 378 843 habeo
392 775 577 843 absolutum
591 796 718 863 suave,
739 778 817 846 mibi
838 779 970 865 quidem
992 783 1039 847 uti
1058 782 1116 847 vi-

54 885 172 968 detur,
202 885 278 955 ἕπος
305 881 351 949 ad
372 881 573 951 Caesarem:
605 884 668 961 sed
689 903 814 970 quaero
834 885 1036 973 locupletem
1057 892 1116 953 ta·

54 991 251 1079 hellarium,
282 1009 327 1056 ne
353 989 487 1056 accidat
515 989 603 1076 quod
628 991 805 1078 Erigonae
827 996 927 1058 tuaet
959 992 1012 1058 cui
1031 993 1117 1081 soli,

48 1097 207 1167 ⁴Ceeeare
236 1099 457 1185 imperatore,
495 1098 561 1162 iter
591 1116 634 1163 ex
665 1096 778 1164 Gallia
809 1101 913 1163 tutum
929 1116 1012 1163 enon
1043 1099 1116 1165 suit.

57 1205 87 1261 tt
101 1204 130 1264 tt
152 1195 269 1287 Quid‘i
299 1205 330 1268 si
351 1205 559 1269 caementum
581 1201 703 1268 bonam
724 1224 790 1270 uon
810 1204 968 1292 habeam,
1000 1204 1117 1271 detur-
1158 1204 1191 1273 7.

48 1300 135 1379 ‘bem'
147 1301 364 1379 aedilicium?
386 1309 474 1396 quod
494 1307 627 1394 quidem
646 1308 725 1382 mibi
746 1310 895 1397 quotidie
915 1312 1026 1399 magis
1040 1311 1119 1399 pla-

58 1423 134 1506 cet,
168 1418 216 1494 im¹
229 1419 408 1504 primisque
433 1415 573 1483 inferior
600 1415 751 1500 porticus
780 1419 815 1482 et
842 1418 915 1482 eius
943 1418 1121 1485 conclavia

57 1525 142 1590 fiunt
160 1529 275 1592 reete.
306 1523 377 1603 ¹De
394 1523 548 1607 Arcano,
578 1517 738 1586 Caesaris
760 1541 844 1608 opus
867 1526 938 1612 est,
968 1525 1025 1590 vel
1045 1547 1119 1595 me-

59 1627 197 1694 hercule
226 1629 327 1694 etiam
362 1627 584 1714 elegantioris
619 1628 771 1695 alicuius.
826 1629 999 1718 Imagines
1033 1614 1121 1696 enim

59 1729 149 1798 istae
168 1736 208 1798 et·
222 1732 395 1819 palaestra
417 1737 452 1798 et
471 1733 600 1818 piscina
620 1738 664 1816 et,
674 1733 763 1800 nilus
785 1735 961 1802 multorum
973 1735 1120 1801 Pbiloti-

60 1857 187 1906 morum
207 1845 280 1927 est,
302 1858 371 1905 non
390 1839 610 1926 Diphilorum.
630 1868 640 1890 ·
660 1839 733 1910 Sed
754 1845 790 1906 et
810 1841 876 1927 ipsi
896 1859 937 1909 ea
957 1841 1120 1913 adibimus

129 2057 153 2120 s.
171 2052 196 2105 5.
236 2050 276 2101 De
298 2051 409 2118 eprbtolo
435 2048 538 2101 Vatinii
554 2047 640 2100 Roma
662 2045 696 2100 ad
719 2049 863 2102 Caesarem
889 2046 983 2115 missa,
1010 2043 1044 2097 de
1063 2062 1125 2116 qua

62 2115 182 2193 Quintus
194 2118 292 2170 Marco
306 2115 465 2186 scripserat.
500 2115 752 2185 (insuperque.
770 2110 829 2180 §d
846 2112 864 2167 l.
881 2129 904 2166 a.
923 2145 956 2157 -
989 2112 1124 2163 adservari

62 2182 81 2237 i.
95 2198 119 2236 e.
132 2181 281 2248 aestimari,
298 2180 387 2253 magni
403 2180 472 2234 lieri.
485 2212 519 2224 -
552 2183 605 2231 iota
625 2181 702 2240 adra,
725 2189 755 2232 ut
771 2178 914 2242 nimirum,
931 2175 1066 2249 quidquid
1082 2175 1121 2229 di·

21 2275 23 2279 ·
60 2259 139 2302 aeret
157 2257 286 2322 ageretve
303 2247 418 2313 Cicero,
442 2247 555 2299 Caesari
570 2256 705 2316 tanquam
717 2245 877 2315 explorator
895 2243 1066 2316 significaret.
1088 2274 1121 2288 -

62 2316 183 2366 sorbeam
196 2339 229 2362 =
247 2310 392 2382 devorem,
409 2312 558 2382 perferam.
584 2310 640 2372 ¹Sic
661 2311 789 2361 devorare
807 2320 959 2380 usurpatur
978 2309 1035 2363 Cic.
1050 2308 1119 2364 Phil.

62 2381 97 2449 6,
110 2382 134 2437 6.
151 2384 229 2434 Brut.
243 2378 284 2448 67.
299 2411 332 2425 -
365 2395 536 2450 concoquam,
556 2391 674 2449 prorsus
690 2375 792 2430 minimi
809 2376 922 2443 faciam,
938 2374 1064 2429 facillime
1082 2375 1121 2430 fe·

62 2463 133 2501 ram.
168 2447 205 2499 V.
222 2444 281 2498 Liv.
296 2447 328 2512 4,
348 2446 387 2499 15.

131 2536 158 2598 s.
176 2525 200 2581 b.
236 2525 495 2590 absoloamearmen
510 2521 544 2583 ad
559 2524 714 2579 Caesarem.
747 2523 781 2578 V.
800 2516 957 2593 ep.aup.§.
973 2521 998 2573 3.
1013 2549 1045 2560 -
1079 2521 1125 2571 ba·

63 2596 109 2646 beo
126 2595 275 2646 obuolutum
291 2617 325 2641 =
341 2590 455 2645 absolvi.
492 2590 528 2644 V.
546 2590 656 2660 Zumpt.
672 2595 694 2656 §.
708 2588 764 2656 634.
786 2621 820 2633 --
863 2588 1017 2656 locupletem
1031 2584 1123 2638 iocoue

65 2677 137 2731 pro:
152 2669 268 2726 eertum,
282 2656 329 2728 qui
344 2656 475 2711 iacturam
490 2665 643 2728 praestare,
656 2654 757 2726 cuique
772 2654 844 2708 liber
856 2654 927 2706 bene
940 2650 1015 2705 credi
1029 2649 1124 2724 possit.

65 2758 97 2769 -
116 2718 248 2790 Erzkoaae
264 2735 326 2774 tace
343 2720 508 2793 tragoediae.
541 2724 577 2777 V.
598 2738 684 2794 supra
706 2738 750 2791 ep.
770 2738 791 2775 ι.
815 2719 975 2786 h.l.§.13.
996 2751 1027 2760 -
1061 2718 1123 2768 an-

66 2806 128 2840 oare
147 2791 321 2856 imperatore,
339 2787 443 2859 quippe
464 2787 540 2842 euius
559 2787 676 2858 imperio
694 2785 784 2839 omnia
805 2785 858 2838 sint
880 2794 940 2838 tuta
956 2781 1072 2843 reddita.
1091 2813 1124 2823 -

67 2864 156 2906 totam
174 2870 226 2904 aaa
235 2853 296 2920 seit
304 2871 317 2919 ,·
341 2869 403 2905 nam
417 2853 497 2906 missa
512 2869 527 2906 a
543 2853 646 2930 Quinto
663 2850 800 2907 tabellarii
816 2852 899 2923 eulpa
915 2851 942 2903 in
962 2849 1058 2904 itinere
1077 2862 1124 2921 pe·

67 2919 161 2973 rierat.
195 2918 319 2971 Venuste
338 2919 405 2973 baec
422 2917 494 2973 dieta
510 2930 581 2974 suot.
1004 2922 1005 2926 ’

134 3005 158 3069 ς.
176 3019 200 3071 7.
232 2999 270 3029 '¹¹'
285 3001 379 3064 Quali?
412 3000 505 3077 Quum
522 3000 557 3054 ad
575 2998 670 3078 Quinti
689 2998 856 3063 aediticium,
880 2996 913 3051 de
930 3014 987 3068 quo
1001 3015 1025 3051 v.
1039 3011 1086 3068 ep.
1102 3012 1124 3048 1.

66 3068 94 3121 b.
110 3067 128 3119 l.
146 3066 327 3136 §.14,nimio
344 3065 463 3138 abrupta
483 3067 517 3122 sit
533 3067 673 3133 transitio,
697 3065 811 3131 Lamb.,
832 3066 914 3131 Ern.,
928 3064 1040 3118 schem.
1063 3070 1127 3132 poet

66 3132 222 3187 Munatium
238 3142 313 3186 recte
330 3132 460 3203 suspicati
476 3145 554 3201 suut,
571 3144 634 3187 ante
655 3151 680 3186 v.
703 3132 766 3202 qaid
787 3131 920 3184 nonnulla
942 3126 1080 3185 excidisse.
1091 3156 1125 3171 -

20 3224 27 3229 -
68 3199 182 3253 babeam.
207 3197 254 3252 Sic
268 3197 321 3251 iarn
335 3198 432 3252 Lamb.
451 3198 549 3268 edidit,
564 3210 591 3253 et
604 3207 787 3252 correxerunt
803 3198 870 3252 Era.
883 3207 910 3250 et
924 3195 1036 3250 Schiita.
1052 3193 1125 3265 vulg.

67 3265 194 3316 laborem.
209 3294 240 3306 -
285 3265 418 3317 deturbem
435 3290 468 3314 =
491 3264 615 3329 diruam,
633 3263 768 3318 ditiieiam.
787 3294 820 3306 -
852 3265 927 3330 siant
943 3272 1030 3323 recte,
1054 3258 1127 3312 bene

68 3328 255 3384 aedificantur.
273 3360 304 3371 -
337 3331 377 3383 De
393 3334 501 3411 ,ircano
518 3332 613 3412 Quinti
628 3329 752 3408 praedio.
773 3331 806 3383 V.
825 3343 911 3400 supra
924 3327 951 3382 b.
961 3327 979 3379 l.
994 3343 1043 3404 ep..
1055 3343 1079 3392 r,
1095 3343 1126 3393 ις

67 3393 1127 3532 tt·tagre..ttttt⁸..tltttaet·..ltiliattitulatum

68 3524 204 3579 libertatis
219 3524 355 3595 explicare
374 3538 402 3581 et
416 3529 445 3583 in
456 3530 562 3601 Campo
580 3528 684 3583 Martio
697 3536 774 3595 septa
791 3537 819 3581 et
833 3536 904 3580 tecta
921 3539 1075 3577 marmorea
1089 3522 1127 3574 fa·

69 3605 135 3642 cero
150 3588 246 3654 voluit,
260 3609 285 3643 v.
300 3588 333 3642 ad
349 3592 406 3646 Att.
420 3599 452 3661 4,
469 3596 516 3662 rb,
533 3601 571 3662 14.
605 3595 694 3665 Ipeioe
711 3593 852 3649 Ciceronis
875 3590 971 3645 nimico
993 3589 1021 3642 in
1040 3585 1129 3641 aedifi·

69 3653 156 3709 eundo
172 3665 278 3708 sumtus
294 3654 427 3727 quosdam
440 3662 556 3715 moleste
570 3661 665 3715 tulisse
682 3659 746 3714 dicit
763 3659 798 3712 ad
812 3663 869 3713 Att.
882 3663 915 3725 4,
931 3658 963 3721 5,
975 3673 1000 3713 n.
1016 3687 1050 3702 -
1082 3653 1131 3706 ela·

68 3725 256 3787 gratioris:
278 3722 532 3795 magnificentioris,
553 3725 756 3798 splendidioris:
773 3758 807 3770 -
846 3727 926 3791 imag.
947 3727 1033 3782 istae,
1059 3735 1130 3792 qm

70 3788 197 3862 constitui
211 3789 344 3860 postulas.
358 3819 388 3831 -·
423 3791 510 3852 attor,
525 3792 642 3858 canalio,
657 3790 861 3863 aquaeductus,
877 3807 937 3862 quo
951 3790 979 3841 in
1019 3787 1131 3840 iocinera
1214 3821 1216 3826 ν

69 3849 184 3907 divertit
208 3853 334 3925 partibus
348 3870 366 3906 a
388 3871 423 3908 ua
441 3854 645 3923 deducebatur3
666 3875 749 3928 quem
771 3858 808 3912 sie
824 3855 925 3909 dietum
950 3853 987 3908 ait
1036 3862 1129 3917 aaut,

69 3916 163 3987 quod,
188 3928 219 3972 ut
232 3921 310 3974 Nilus
332 3921 407 3976 ostris
428 3931 533 3991 septem
554 3923 665 3992 profluit
685 3923 712 3976 in
729 3938 823 3990 mare,
846 3922 883 3976 ita
903 3921 1031 3974 salientes
1051 3918 1130 3981 illae,
1204 3954 1206 3956 -

69 3983 148 4052 quasi
164 4000 267 4056 parvus
283 3986 373 4052 ailus,
402 3986 495 4044 multia
517 3986 613 4042 rivalis
637 3988 664 4041 in
686 3989 815 4061 piscinam
835 3986 1003 4060 perveniant.
1040 3985 1075 4036 V.
1095 3979 1129 4034 de

68 4049 139 4122 legg.
155 4066 187 4114 a,
202 4067 234 4116 ,¹3
258 4067 343 4123 supra
357 4053 386 4110 b.
400 4053 419 4110 l.
433 4069 477 4125 ep.
495 4069 517 4111 1.
537 4050 560 4121 §.
579 4071 600 4109 r.
620 4086 653 4100 -
693 4056 838 4107 multorom
853 4054 1053 4108 Philotimorum
1073 4059 1131 4109 est,

69 4128 124 4164 noa
137 4115 305 4186 Diphilorum
314 4119 332 4174 i.
345 4137 368 4175 e.
382 4120 534 4175 multorum
549 4119 689 4176 bominum
706 4119 873 4194 diligentium
888 4129 917 4175 et
929 4115 1131 4191 expeditorum,
