2768 4866
198 239 245 309 52
338 244 373 303 bb
395 241 425 302 Τ.
449 237 632 302 CICERONIS
653 236 804 299 aristot.
826 236 875 296 AD
897 236 927 307 Q.
950 237 1121 298 FRATREM

541 501 809 583 EPISTOLA
840 504 909 580 IV.

197 651 306 728 Seriptu
325 647 536 722 Thessalonicae
555 662 651 707 mense
672 645 768 706 Sextili
794 646 827 705 Δ.
848 647 880 707 U.
902 644 931 706 C.
955 646 1014 705 696
1043 649 1090 720 (a.
1116 643 1182 705 Chr.
1206 645 1271 721 58)

585 741 683 805 Μοω
703 745 868 806 oonsulibus.

196 883 407 950 dramatum.
447 874 533 930 Dolet
554 872 606 926 eibi
628 871 709 926 fldem
732 873 899 941 amicorum,
925 881 1095 944 cautumque
1119 875 1270 928 eonsilium

262 958 381 1014 defuioee
401 972 496 1026 a-n;
521 954 655 1009 incertam
671 971 747 1026 apem
764 956 861 1010 salutis
876 970 954 1022 esee3
979 955 1029 1008 etei
1047 953 1156 1009 tribuni
1175 956 1268 1027 plebia

263 1040 365 1115 partim
379 1037 430 1094 eibi
444 1037 555 1091 faveant
569 1035 595 1091 ὅ.
630 1035 718 1104 Petit,
736 1047 767 1093 ut
783 1037 919 1114 Quintus,
942 1034 1009 1108 quid
1025 1037 1202 1109 operandum
1218 1036 1268 1105 ait,

263 1121 431 1196 perspiciat,
453 1117 531 1176 etad
548 1134 578 1172 oe
595 1134 662 1173 vere
678 1119 835 1191 perscribat
850 1123 866 1184 4
876 1136 884 1184 3
913 1117 1062 1185 hortatur,
1088 1128 1138 1187 ut,
1162 1119 1186 1173 ei
1205 1135 1267 1173 eum

263 1219 378 1277 quoquo
392 1199 492 1256 inimici
509 1217 611 1255 rexere
627 1198 784 1272 coeperint,
801 1199 913 1253 fortiter
929 1197 1039 1253 resistat
1053 1199 1078 1258 ὅ.

467 1344 660 1417 manuos
683 1345 724 1432 o.
745 1346 921 1413 nonnul
941 1345 981 1415 a.

149 1526 157 1542 .
226 1544 229 1549 ,
280 1473 410 1543 Amabo
433 1477 489 1565 ter,
511 1473 557 1540 mi
576 1473 705 1562 frater,
732 1487 797 1559 ne,
824 1469 857 1559 si
875 1489 939 1536 uno
960 1486 1034 1536 meo
1056 1470 1150 1536 faoto
1173 1473 1211 1536 et
1231 1475 1265 1538 tu

195 1586 231 1650 et
251 1600 366 1650 omnes
386 1581 452 1650 mei
472 1579 665 1668 oomnistie,
685 1577 891 1665 improbitati
911 1580 947 1642 et
961 1576 1084 1642 sceleri
1100 1596 1178 1644 meo
1198 1597 1263 1665 po-

193 1690 262 1759 tius
282 1708 381 1778 quam
402 1672 646 1777 imprudentiae
666 1684 891 1771 miseriaeque
906 1685 1080 1771 assignes.
1122 1683 1264 1751 Nullum

193 1803 249 1866 est
275 1815 384 1864 meum
410 1797 608 1884 peecatum,
639 1792 705 1885 nisi
734 1790 821 1877 quod
848 1791 891 1856 iis
919 1789 1067 1875 credidi,
1099 1791 1263 1878 aquibus

193 1904 293 1974 nefas
313 1892 467 1991 putaram
488 1918 568 1969 esse
588 1919 646 1987 me,
664 1897 795 1986 deripi,
832 1903 890 1963 aut
916 1899 1037 1986 etiam,
1069 1896 1194 1983 quibus
1223 1917 1265 1965 no

192 2007 228 2075 id
243 2006 406 2094 expedire
423 2003 556 2092 quidem
572 1992 771 2070 arbitrabar.
813 2003 972 2091 Intimus,
994 2004 1190 2095 proximus,
1211 2005 1263 2070 ia-

193 2113 437 2182 miliarissimns
459 2111 601 2196 quisque
622 2113 681 2176 aut
701 2111 766 2178 sibi
787 2112 957 2199 pertimuit
984 2116 1042 2176 aot
1068 2108 1152 2176 mihi
1172 2112 1262 2178 invi-

194 2221 264 2310 dit,
287 2219 335 2284 ita
354 2216 434 2285 mibi
450 2215 533 2282 nihil
549 2217 672 2283 misero
689 2221 827 2304 praeter
842 2216 942 2282 iidem
960 2218 1160 2302 amicorum,
1183 2235 1262 2283 oau-

143 2370 152 2388 .
195 2332 265 2396 tum
283 2342 392 2392 meum
414 2323 589 2390 eonsilium
608 2323 723 2391 defuit.
767 2320 864 2406 Quod
884 2321 914 2387 si
934 2325 970 2386 to
991 2321 1076 2386 satis
1096 2320 1262 2389 inuocau-

195 2435 244 2501 tia
265 2436 323 2500 tua
342 2434 381 2511 ¹ot
394 2430 629 2499 misericordia
650 2430 816 2497 hominum
839 2428 990 2496 vindieat
1016 2428 1081 2494 boe
1110 2431 1263 2515 tempore

262 2634 289 2706 s.
308 2645 330 2686 1.
364 2627 465 2705 Amabo
483 2636 507 2676 te
524 2649 556 2674 =
576 2622 638 2702 audi
655 2625 706 2702 sia,
723 2632 854 2701 rogoute3
872 2640 954 2704 quarn
972 2623 1120 2677 formulam
1139 2629 1263 2697 plerum·

195 2709 252 2817 pue
269 2703 448 2764 imperativus
465 2700 715 2745 autcomuuotnvus
730 2699 873 2761 sequatur,
891 2708 982 2770 rarius
998 2702 1030 2742 ut
1044 2700 1092 2743 aut
1106 2709 1148 2747 rae.
1179 2693 1215 2745 V.
1228 2692 1263 2745 in·

209 2776 241 2819 re
254 2760 276 2828 i.
295 2777 326 2827 a,
343 2776 374 2812 ro
388 2768 459 2812 extr.
477 2757 495 2814 1.
515 2756 546 2822 3,
562 2774 592 2827 9,
608 2758 633 2823 4.
651 2753 685 2809 ad
697 2761 753 2810 nte.
772 2773 801 2824 a,
817 2772 841 2810 o.
859 2755 893 2810 ad
906 2756 958 2811 div.
973 2757 1019 2824 15,
1035 2775 1075 2825 ¹7·
1094 2759 1263 2830 ⁴Praecipue

196 2827 317 2882 sermoni
356 2821 495 2877 uotidiauo
518 2823 615 2877 usitata
636 2821 697 2876 fuit.
744 2821 788 2878 Cf.
808 2823 899 2878 Plaut.
919 2822 1088 2876 Menaechm.
1113 2840 1144 2891 n,
1163 2826 1197 2891 3,
1215 2842 1263 2895 71·

196 2892 228 2959 d,
244 2891 277 2959 ὃ,
295 2910 317 2946 ι.
335 2841 487 2970 gistelbn,
504 2908 532 2956 a,
553 2890 607 2943 106.
624 2888 884 2960 Trucul.4,d,19.
901 2889 965 2942 Ter.
980 2889 1108 2944 Eunuoh.
1125 2909 1154 2953 1,
1173 2907 1204 2956 n,
1218 2861 1265 2959 70}

196 2957 228 3024 d,
244 2955 274 3025 3,
291 2956 332 3010 3ι.
368 2956 468 3010 Similis
488 2965 530 3019 est
556 2973 620 3008 usus
644 2975 666 3010 v.
685 2961 800 3029 crippus
824 2952 898 3026 apud
919 2955 1060 3022 Graecos3
1088 2974 1112 3008 v.
1131 2956 1264 3028 Sophool.

196 3020 265 3081 Oed.
281 3023 412 3091 Colhny:
431 3026 535 3093 στέρξον
549 3021 572 3090 (ἰ
587 3039 610 3074 e.
626 3029 751 3094 χαρίσαι,
767 3021 886 3088 πεῖθον),
904 3020 1017 3074 ἱκετεύω.
1034 3052 1067 3064 -
1091 3020 1188 3088 sueto.
1204 3025 1264 3075 Fae·

196 3101 253 3142 taem
268 3088 312 3142 hic
328 3097 422 3153 vocat,
440 3088 517 3157 quud
534 3086 568 3139 ad
582 3091 639 3140 Ati.
654 3090 685 3154 3,
700 3089 744 3155 ad,
763 3105 785 3141 ι.
826 3099 915 3140 ereata
928 3105 977 3137 aaa
985 3124 996 3148 ,
1013 3085 1048 3138 ad
1063 3083 1115 3139 div.
1133 3091 1180 3154 14,
1197 3108 1226 3156 a,
1244 3108 1263 3143 1.

166 3170 169 3176 ·
195 3156 301 3224 eulpam
315 3172 392 3207 auom
410 3153 490 3219 dicit,
507 3150 584 3225 quod
597 3154 724 3205 nimirum
739 3153 793 3206 iuvi
814 3153 835 3205 ie
850 3152 1016 3218 Hortensio,
1033 3154 1133 3207 Catoni
1147 3154 1263 3227 aliisque

194 3222 289 3341 potius
306 3219 457 3276 crediderit
474 3229 500 3273 et
517 3219 595 3272 abire
612 3218 767 3274 inexilium
785 3218 930 3286 metuerit,
947 3234 1037 3338 ¹apuam
1056 3219 1109 3271 vim
1126 3219 1152 3271 vi
1174 3221 1263 3293 repel-

206 3305 221 3341 e

223 3304 261 3341 re.
295 3307 320 3341 v.
333 3286 386 3340 Dio
400 3287 476 3341 Coos.
492 3283 542 3352 38,
558 3301 599 3355 ²9·
617 3318 649 3327 -
683 3285 799 3355 imprud,
814 3287 913 3341 etatis.
974 3283 1103 3355 endiadys
1121 3303 1197 3356 pro:
1221 3289 1262 3338 ino·

190 3355 349 3424 prudentiae
363 3370 395 3404 ea
411 3354 517 3405 miseria
533 3360 590 3403 mea
606 3363 722 3405 exortae.
738 3385 772 3396 -
801 3362 938 3419 putaram,
968 3353 1075 3405 Ernest.
1090 3361 1119 3404 et
1132 3353 1261 3408 schista:

192 3421 326 3488 putabam.
360 3418 438 3472 Licet
460 3420 499 3471 lm
521 3418 573 3495 ers.
600 3419 724 3488 proxime
747 3427 881 3498 aequatur
903 3417 1073 3479 arbitrabar,
1100 3418 1264 3490 plusquam·

194 3486 350 3564 perfeetum
368 3501 401 3536 oo
417 3435 527 3563 defendo
542 3485 646 3553 potest,
665 3482 741 3555 quod
759 3485 859 3537 Cicero
874 3493 936 3534 ante
953 3495 1085 3551 putaret,
1109 3483 1190 3536 nesae
1207 3501 1263 3539 ease

194 3548 469 3695 zppaetpippsqppppp,
495 3566 537 3669 fta
554 3613 609 3693 (Jio.
626 3632 679 3684 pro
695 3615 802 3691 Quinot.
816 3613 839 3666 6.
859 3615 999 3667 »Naevius
1013 3616 1090 3667 iuoeit
1107 3615 1184 3668 bona
1222 3635 1263 3672 ro

192 3681 279 3800 aa
296 3681 935 3816 uaetataianeoane
952 3683 1165 3814 astartae
1184 3636 1264 3803 ξδ’

192 3754 336 3883 nidg’nfa'a
349 3790 402 3868 in.
416 3813 484 3867 naec
497 3812 597 3892 nanee
614 3816 671 3866 eona
688 3812 749 3866 mann
764 3811 831 3865 nona
847 3765 1167 3868 dempsunas'ei}
1182 3766 1265 3888 ,effi

192 3889 237 3959 tfr
254 3877 525 3960 tidenramioorum,
550 3889 630 3960 etiarn
653 3890 764 3959 cautum
783 3895 875 3958 meum
896 3879 1040 3932 consilium
1063 3879 1159 3935 defuit.
1206 3881 1264 3938 Sed

192 3964 215 4000 ea
233 3946 298 3997 naid
316 3945 406 4010 tollas,
432 3962 523 4000 omma
544 3945 625 4000 nobas
646 3946 769 4000 saclltora
793 3946 932 4000 videntur.
968 3943 1011 3997 of.
1033 3960 1078 4015 ep.
1096 3965 1146 4016 70,
1163 3946 1188 4003 6.
1214 3946 1264 4020 (ad

145 4112 149 4127 ι
192 4015 249 4067 m
257 4010 295 4149 33:
305 4012 510 4136 2¹.5’2·231)020neu
525 4088 585 4136 tao,
601 4075 743 4147 integritas
758 4074 787 4128 in
799 4073 1013 4128 administranda
1026 4074 1098 4130 Asia.

515 3559 591 3602 ostea
610 3566 678 3601 vero
696 3565 807 3628 semper
828 3548 908 3600 etiarn
922 3549 1055 3616 putabat,
1080 3549 1133 3601 hoo
1153 3549 1210 3604 illio
1232 3565 1264 3605 ne
