2768 4866
270 269 337 339 lto
420 272 456 332 Μ.
477 270 508 332 Τ.
530 267 713 333 CICERONIS
734 265 959 337 aristobulo
980 267 1012 340 Ο.
1032 266 1205 330 FRATREM

270 453 472 519 tribunatum
499 451 542 519 ab
572 470 613 518 eo
640 450 746 538 petivi
773 487 815 500 -
843 467 922 517 narn
941 448 1106 520 Domitius
1127 470 1170 518 se
1194 451 1340 520 derideri

270 563 450 648 putasset,
482 560 512 625 si
534 562 629 627 esset
655 577 676 625 a
700 576 754 626 me
779 562 946 646 rogatus:
978 558 1044 625 boo
1067 558 1157 625 enim
1185 563 1248 625 est
1275 559 1341 654 eius

272 663 516 753 quotidianum,
548 680 589 729 se
614 682 659 730 ne
688 663 856 733 tribunum
882 665 1021 733 militum
1049 664 1183 753 quidem
1202 665 1341 733 facere:

272 773 374 839 etiam
394 771 430 837 in
451 773 574 839 senatu
595 769 676 836 lusit
695 770 843 856 Appium
873 771 1040 860 collegam
1069 775 1256 859 propterea
1277 772 1342 838 isse

272 876 317 944 ad
332 874 529 965 Gaesarem,
546 879 582 941 ut
598 875 740 962 aliquem
757 877 961 945 tribunatum
978 877 1148 945 auferret:
1169 913 1213 928 -
1230 877 1295 945 sed
1311 878 1342 944 in

191 994 231 1062 4,
271 984 413 1052 alterum
433 1003 566 1051 annum.
607 981 649 1049 ld
664 987 700 1050 et
719 981 855 1053 Curtius
871 987 920 1053 ita
938 986 1085 1053 volebat.
1128 983 1201 1070 Tu,
1227 1004 1341 1072 quem·

272 1090 449 1159 admodum
469 1107 523 1155 me
544 1107 665 1157 censes
688 1094 844 1177 oportere
866 1110 946 1159 esse
966 1093 1001 1158 in
1027 1091 1224 1178 republica
1253 1091 1340 1176 etin

271 1197 398 1264 nostris
427 1195 627 1284 inimicitiis,
655 1197 705 1262 ita
733 1201 769 1262 et
796 1216 876 1265 esse
903 1202 939 1265 et
965 1198 1037 1265 fore
1057 1196 1210 1265 auricula
1232 1199 1341 1266 infima

199 1311 232 1383 5,
273 1303 358 1370 scito
381 1301 574 1370 molliorem.
616 1302 689 1369 Res
709 1303 881 1371 Romanae
902 1322 942 1370 se
963 1305 1014 1370 sic
1032 1303 1216 1371 habebant.
1262 1305 1342 1371 Erat

274 1408 435 1476 nonnulla
457 1427 537 1496 spes
560 1410 786 1497 comitiorum,
807 1410 871 1477 sed
891 1412 1038 1478 incerta:
1061 1417 1136 1476 erat
1151 1410 1270 1497 aliqua
1286 1429 1340 1477 su·

259 1516 379 1604 -spicio
402 1516 608 1602 dictaturae,
630 1534 674 1583 ne
695 1535 738 1583 ea
759 1516 893 1603 quidem
914 1522 1029 1586 certa:
1058 1536 1224 1583 summum
1248 1521 1341 1586 otium

273 1622 431 1713 forense,
453 1622 516 1692 sed
539 1623 754 1691 senescentis
775 1623 885 1710 magis
902 1625 1047 1691 civitatis
1066 1643 1167 1711 quam
1185 1629 1340 1714 acquies-

275 1729 394 1796 centis.
447 1727 627 1798 Sententia
653 1731 764 1795 autem
795 1732 913 1796 nostra
940 1729 975 1796 in
1008 1733 1131 1797 senatu
1163 1732 1341 1819 eiusmodi,

274 1835 388 1923 magis
415 1837 453 1900 ut
485 1833 543 1901 alii
572 1833 668 1901 nobis
697 1835 944 1924 assentiantur,
977 1855 1075 1923 quam
1105 1845 1245 1908 nosmet
1274 1839 1340 1928 ipsi

275 1945 421 2006 Totodb'
442 1942 460 2003 ὁ
483 1942 614 2024 τλήμων
636 1942 780 2025 notabor
805 1941 1027 2027 ὲξιργάζιται.

277 2148 513 2218 stumo;v‚'infra
532 2151 650 2218 3‚r‚ro.
667 2147 701 2202 ad
719 2152 775 2205 stt.
795 2166 839 2216 ιο,
857 2149 894 2205 ιὸ.
936 2151 1083 2220 ,armi
1136 2153 1274 2224 14,9.-
1305 2153 1339 2204 tri

277 2219 405 2295 tuncjam
417 2215 542 2269 militum.
557 2247 591 2260 -
618 2213 753 2268 Domitius
770 2214 921 2270 Ahenobar
943 2233 985 2283 us,
1002 2166 1196 2272 consulhuius
1211 2218 1275 2274 anni
1292 2234 1340 2272 cum

277 2287 371 2362 Appio
389 2283 527 2347 Pulchro,
545 2281 671 2337 Caesaris
689 2280 874 2336 adversarius.
890 2314 923 2334 -μ
957 2295 1084 2351 rogatur,
1101 2293 1133 2336 ut
1151 2282 1187 2336 ad
1203 2286 1341 2338 Caesarem

278 2353 416 2402 scriberet
433 2346 467 2400 dc
484 2348 629 2402 tribunatu
647 2347 745 2403 Curtio
766 2347 930 2407 mandando,
951 2381 983 2391 -
1028 2349 1214 2419 quottilicnum
1238 2368 1275 2405 sc.
1297 2348 1343 2402 dic·

271 2423 348 2534 ἑιᾶιιί.
365 2447 421 2533 -e
432 2417 483 2535 issg
498 2415 535 2548 ‘ld
547 2417 707 2536 6detestareris,
725 2413 835 2480 duobus
853 2413 929 2468 annis
947 2423 1027 2483 autc,
1043 2414 1135 2488 69811.
1149 2430 1176 2475 c.
1213 2417 1249 2472 V.
1264 2428 1344 2488 supra

341 2497 389 2537 .n.
422 2498 450 2553 p.
483 2521 490 2537 .
525 2522 530 2532 .
566 2521 572 2535 .

307 2641 315 2655 ·
345 2579 371 2656 ξ.
388 2577 412 2642 4.
446 2575 569 2654 auricula
586 2576 688 2651 rbfimo,
704 2581 785 2644 parte
801 2573 876 2629 auris
892 2573 992 2653 intima.
1007 2605 1048 2653 -·
1069 2574 1217 2626 mattam
1230 2570 1246 2624 i.
1260 2586 1284 2649 e.
1295 2583 1340 2648 re·

279 2657 432 2696 mustrorcm
447 2641 638 2711 lentoremque
657 2656 683 2691 ιιι
703 2637 804 2692 tuenda
820 2656 852 2694 re
869 2640 982 2711 publica
999 2649 1027 2694 et
1041 2657 1068 2692 ιιι
1083 2634 1280 2712 persequendus
1294 2653 1340 2688 rm·

280 2706 365 2762 micis.
394 2707 504 2759 Mollior·
517 2705 641 2759 auricula
655 2707 742 2775 obstruo
756 2704 785 2757 in
795 2705 946 2780 proverbio
960 2703 1035 2793 apud
1046 2706 1189 2760 Romanos
1199 2701 1344 2758 dicebatur.

346 2797 413 2915 {ib
447 2798 629 2858 comitiorum,
654 2811 726 2867 quae
742 2807 832 2852 tamen
850 2795 904 2849 hoo
918 2811 989 2848 anuo
1008 2791 1099 2846 habita
1115 2810 1174 2848 non
1190 2803 1270 2862 suut;
1285 2807 1343 2844 narn

281 2863 332 2918 Cn.
374 2862 482 2918 omitius
501 2862 631 2917 Calvinus
654 2873 682 2916 ot
699 2866 737 2919 M.
752 2860 883 2920 Valerius
904 2860 1043 2927 Messala,
1071 2859 1205 2914 eonsules
1228 2858 1289 2913 anui
1311 2872 1344 2911 rr

280 2928 390 3047 ,nentis
407 2944 441 2982 er
454 2928 612 3009 interregno
629 2929 721 2982 creati.
752 2929 807 2982 Dio
821 2929 897 2987 Cass.
916 2930 963 2995 4ο,
977 2929 1019 2994 46.
1039 2925 1072 2979 ad
1088 2928 1147 2980 att.
1165 2927 1198 2994 4,
1216 2927 1264 2993 1⁶,
1278 2926 1302 2980 6.
1316 2948 1342 2963 -

299 3005 432 3048 assaturae
448 2993 632 3064 Pompeium.
647 2993 719 3047 infra
734 2995 770 3061 3,.
781 2995 812 3061 8,
828 2997 853 3062 l.
874 2992 908 3046 ad
925 2998 983 3048 Att.
1001 2995 1032 3060 4,
1053 2991 1097 3059 ι6,
1114 3009 1161 3048 ιιι
1183 3003 1228 3046 est
1244 2987 1338 3045 nonaul-

282 3062 324 3113 tus
340 3058 408 3110 odor
425 3059 582 3112 dr'ctaturcs.
611 3061 679 3113 Eam
695 3060 786 3114 verbis
802 3059 950 3114 recusabat
962 3059 1124 3139 Pompeius,
1142 3072 1249 3112 revera
1265 3065 1341 3111 auteur

282 3125 438 3180 affectabat.
451 3157 483 3166 -
517 3127 758 3187 reseruassemus
796 3127 838 3178 uia
858 3125 926 3180 desit
939 3135 1052 3178 materia
1065 3123 1203 3191 forensis,
1223 3122 1274 3178 scd
1290 3119 1346 3193 quia

283 3193 377 3246 ciuitas
396 3190 518 3244 omnium
537 3191 783 3245 renumerationis
806 3202 877 3246 orat.
895 3223 927 3236 -
961 3208 1040 3262 quum
1059 3191 1247 3258 nosmetipsi,
1269 3202 1346 3262 quum

282 3275 317 3313 ne
339 3253 495 3313 offenderet
514 3257 669 3330 principes,
701 3268 872 3330 cogerentur
895 3255 1012 3325 cadere,
1044 3255 1163 3326 indeque
1184 3255 1241 3309 sibi
1265 3256 1347 3308 minuo

282 3325 460 3379 satisfaceret.
477 3355 510 3366 -
553 3325 662 3378 Torao'ss'
752 3319 928 3398 ι’ξιμγαίζιίιαι.
961 3322 1094 3378 senarius
1115 3321 1268 3395 erdurip.
1284 3320 1347 3389 Sep·

283 3391 346 3464 plic.
370 3407 424 3472 ¹¹9·
451 3406 467 3443 a
489 3389 596 3447 Theseo
618 3391 818 3462 pronunciatus
844 3408 907 3444 cum
928 3387 1049 3443 Adrasto
1071 3386 1215 3458 loquente.
1262 3389 1348 3461 Quum

284 3456 355 3509 enim
380 3456 424 3511 bre
447 3456 588 3510 fortunam
609 3473 686 3510 suam
708 3456 852 3512 adversam
875 3456 1075 3508 lamentaretur
1099 3469 1220 3508 narrans
1233 3450 1348 3507 „caedem

284 3522 397 3576 sortium
417 3521 541 3577 virorum
557 3520 759 3612 ducumque'in
782 3522 912 3576 Thebana
935 3519 1031 3587 clade,
1059 3519 1157 3572 dixisse
1193 3535 1230 3573 ue
1254 3516 1349 3574 anua·

284 3588 395 3644 ardiso·
413 3585 506 3660 ἄνδρας
521 3591 645 3661 Ἀργείων
661 3594 773 3662 ἄκρους,
790 3587 930 3660 subiungit
941 3588 1078 3642 Theseust
1094 3587 1178 3640 Τοιαῦ
1199 3587 1205 3608 ’
1224 3583 1238 3640 tl
1253 3584 1348 3656 τλήμων

285 3674 311 3708 ιι.
325 3675 350 3710 s·
364 3659 389 3710 λ.
411 3656 430 3709 i.
447 3671 472 3710 e.
487 3657 555 3708 talia
573 3673 758 3709 aerumnosum
775 3655 870 3707 bellum
887 3652 976 3726 affert.
