2768 4866
527 247 590 309 ιιι.
611 247 654 308 ιι
694 247 787 314 aaa
864 338 867 343 δ
1123 241 1192 313 lat

125 446 186 496 aar
212 426 258 495 ad
285 444 338 495 me
358 425 437 493 Kal.
458 424 558 512 Sept.
581 423 676 493 dedit
694 425 832 515 literae,
864 445 951 514 qnae
977 444 1046 515 ego
1074 429 1191 516 accepi

124 555 157 603 a.
179 534 212 601 d.
229 534 310 602 1111.
325 532 404 601 Kal.
417 531 578 623 octaba,
600 534 687 607 satis
709 532 901 602 commodae
921 533 965 600 de
986 534 1192 603 Britannicis

125 642 249 710 rebus:
280 641 421 728 quibua,
450 657 496 706 ne
515 639 679 728 admirer,
702 638 792 727 quod
812 659 835 706 a
855 644 890 707 te
910 639 1023 708 nullas
1042 659 1191 729 accepe-

125 749 208 838 rim,
229 748 347 815 scribit
367 765 408 814 se
428 747 503 813 sine
523 751 559 815 te
580 747 709 836 fuisse,
730 765 828 833 quum
849 745 895 813 ad
915 764 1006 815 marc
1025 767 1191 816 accesse-

129 854 185 922 rit.
235 853 293 921 Ad
314 872 375 921 cas
396 872 465 941 ego
486 854 520 922 ci
539 854 657 922 literas
679 853 761 920 nihil
788 855 969 944 rescripsi,
996 875 1041 924 ne
1068 862 1191 946 gratu

127 961 221 1030 landi
235 961 367 1049 quidem
383 978 505 1048 causa,
526 963 665 1047 propter
680 960 754 1025 eius
772 959 907 1027 luctum.
951 961 1002 1029 Te
1019 980 1077 1029 oro
1092 963 1192 1030 etiam

123 1072 227 1155 atque
248 1070 368 1153 etiam,
388 1068 433 1134 mi
454 1066 580 1157 irater,
602 1070 641 1132 ut
660 1064 793 1133 valeas.

481 1384 749 1463 EPISTULA
784 1383 841 1462 11.

188 1528 296 1604 Scripta
317 1528 420 1586 Rornae
440 1526 471 1586 V.
493 1525 529 1584 ld.
552 1526 663 1586 Octobr.
685 1527 717 1585 A.
739 1527 770 1586 U.
793 1526 821 1586 (ι.
845 1527 904 1588 700
927 1534 966 1603 (a.
989 1529 1052 1589 Chr.
1073 1532 1130 1605 ab)

421 1662 425 1672 ·
517 1623 802 1691 iisdemconsulibua

126 1769 337 1836 momentum.
373 1760 521 1817 Gabinium
541 1761 569 1816 in
588 1772 686 1816 cenato
703 1771 848 1828 vexatum,
871 1779 886 1816 a
903 1762 1035 1818 Memmio
1050 1765 1087 1819 ad
1105 1782 1193 1837 popu·

226 1845 284 1899 iorn
302 1843 424 1918 graviter
441 1854 616 1912 accusatum,
640 1845 754 1915 eiusque
776 1843 906 1898 iudicium
925 1844 1049 1917 prorirnc
1066 1847 1193 1902 futurum

226 1937 324 1981 narrat
343 1945 396 1979 1-
406 1942 430 1983 n.
469 1925 576 1980 Deinde
592 1926 640 1998 qui
656 1925 775 1979 ambitus
793 1926 834 1979 rei
850 1927 920 1994 sint,
948 1928 1011 1982 item
1029 1926 1063 1982 de
1079 1929 1193 1984 comitiis

162 2009 167 2018 '
226 2008 436 2074 consularibus,
453 2006 487 2061 de
504 2007 589 2081 Appii
604 2007 634 2061 in
652 2007 774 2061 Ciliciam
791 2009 964 2064 successione
981 2009 1071 2065 refert
1088 2011 1104 2066 3

391 2154 584 2224 MARCUS
612 2154 658 2237 Q.
682 2156 858 2224 FRATRI
885 2156 925 2227 S.

208 2279 253 2345 A.
267 2277 300 2344 d.
315 2278 378 2343 Vl.
394 2277 445 2344 ld.
461 2277 598 2346 Octobr.
642 2275 781 2345 Salvius
803 2276 933 2348 Ostiam
955 2281 1092 2368 vesperi
1112 2281 1193 2348 navi
1234 2291 1264 2356 ι,

126 2381 300 2468 proiectos
323 2385 398 2449 erat
420 2401 494 2449 cum
513 2383 556 2448 iis
577 2383 697 2467 rebus,
720 2399 804 2467 quas
825 2381 886 2447 tibi
907 2381 1002 2451 domo
1023 2386 1109 2452 mitti
1125 2403 1191 2452 vo-

127 2489 250 2555 lueras.
303 2488 433 2557 Eodem
464 2488 518 2555 die
548 2487 726 2556 Gabinium
756 2485 800 2552 ad
830 2488 990 2575 populum
1021 2491 1191 2560 luculente

126 2593 330 2660 calefecerat
343 2590 519 2663 blemmius
534 2596 605 2679 sic,
626 2599 666 2661 ut
681 2592 812 2662 Calidio
834 2596 973 2662 verbum
993 2596 1109 2664 iacere
1129 2617 1190 2693 pro

127 2719 168 2767 ec
196 2719 265 2766 non
295 2701 436 2768 licuerit.
487 2701 657 2769 Postridie
679 2708 792 2769 autem
813 2705 887 2769 ciue
915 2703 1002 2790 diei,
1037 2705 1194 2790 quierat

128 2812 198 2872 tum
223 2806 376 2894 iuturus,
404 2827 503 2892 quum
531 2808 616 2874 haec
637 2809 824 2874 scribebam
846 2813 926 2875 ante
945 2808 1072 2893 lucem,
1103 2809 1193 2896 apud

128 2911 292 2980 Catonem
314 2916 390 2979 erat
411 2911 572 2979 divinatio
592 2915 628 2980 in
650 2912 825 2983 Gabinium
845 2913 959 2982 sutura
980 2917 1068 2982 inter
1081 2915 1193 2984 Mem-

193 3124 218 3190 §.
235 3120 275 3174 aa.
302 3121 370 3170 catis
381 3119 549 3181 commodas,
562 3121 627 3176 eatis
640 3117 789 3189 iucundas,
803 3119 908 3174 bellum
920 3120 1106 3176 Britannicum
1121 3120 1193 3174 bene

128 3183 279 3240 succedere
299 3185 462 3239 nuntiantes.
476 3215 511 3228 -
543 3189 598 3238 raiae
615 3199 658 3249 te,
673 3187 771 3241 relicto
794 3186 821 3240 in
845 3188 977 3241 interiore
996 3187 1144 3241 Britannia.
1159 3219 1193 3232 -

125 3250 494 3390 (rmssffl',3⁰§r⁹1⁸7ben⁰
508 3261 604 3325 gentas.
619 3286 650 3296 -
685 3253 787 3307 luctum
801 3253 839 3308 ob
857 3254 940 3306 filiam
955 3263 1045 3307 morte
1059 3253 1193 3308 arniaaarn.
1254 3277 1264 3295 ·

537 3410 718 3465 EPISTOLA
743 3411 779 3466 ll.

193 3483 217 3543 ς.
237 3493 261 3529 ι.
293 3476 407 3529 Salvius.
431 3478 467 3532 V.
480 3492 523 3546 ep.
538 3476 668 3548 praeced.
681 3483 707 3545 ς.
724 3494 763 3529 ιι.
775 3510 809 3524 -
842 3479 998 3540 Gabinium,
1015 3474 1049 3530 cle
1064 3488 1194 3549 repetun-

127 3541 169 3595 dis
184 3548 351 3595 accuratum.
388 3544 422 3597 V.
439 3559 482 3614 ep.
495 3546 618 3597 anteced.
632 3550 658 3612 §-
675 3544 714 3597 15.
729 3575 761 3585 -
795 3545 832 3595 ed
844 3545 972 3614 populum
990 3545 1007 3596 i.
1021 3560 1044 3598 e.
1063 3545 1193 3599 concione

115 3607 162 3662 ‹ad
201 3607 332 3678 epulum,
356 3623 440 3678 quam
455 3626 508 3678 pro
524 3619 661 3681 potestate
674 3607 821 3664 tribunicia
838 3609 1021 3663 advocaverat
1037 3611 1192 3665 Memmius.

126 3705 159 3716 -
176 3625 307 3726 Rostrata
320 3671 493 3739 calefecerat,
511 3676 688 3729 vehementer
707 3686 861 3730 vexaverat.
897 3678 958 3728 lloc
980 3675 1099 3747 pertinet
1115 3675 1192 3748 qood

127 3739 192 3793 Vel.
204 3740 283 3795 Man.
292 3737 320 3803 8,
329 3757 352 3791 ι.
362 3740 396 3791 de
407 3740 481 3793 exitu
491 3740 572 3795 buius
580 3742 720 3797 concionis
731 3753 835 3797 narrat.
848 3775 883 3788 -
900 3744 941 3794 M.
953 3743 1193 3804 Calidio,'oratori.

127 3807 163 3865 V.
182 3821 267 3876 aupra
285 3805 319 3858 ad
335 3823 360 3873 ι,
373 3804 400 3872 3,
415 3824 439 3873 7.
455 3839 488 3851 -
522 3809 657 3870 Catonem,
673 3819 831 3878 praetorem
852 3807 886 3860 de
902 3806 1062 3879 repetundia
1079 3825 1192 3892 eognos-

126 3881 243 3925 centem.
278 3872 314 3927 V.
330 3887 373 3942 ep.
390 3869 517 3942 praeced.
532 3877 555 3940 §.
572 3876 609 3928 rb.
626 3905 657 3915 -
691 3875 818 3926 da‘ar'nacio
842 3874 857 3932 i.
876 3891 900 3927 e.
915 3875 1056 3946 quaestio,
1074 3892 1137 3948 quta
1155 3876 1193 3929 in·

127 3947 173 3990 ter
191 3938 301 4007 plurea,
318 3937 367 4009 qui
381 3953 514 3991 accurare
531 3938 642 4005 volunt,
666 3938 701 3992 ait
715 3938 908 3994 admittendus.
942 3940 988 3994 Sic
1003 3942 1128 3993 dr'oa‘nacr'o
1147 3957 1193 4010 ap·

117 4002 250 4072 pellatur
263 4000 404 4058 Ciceronis
416 4003 510 4057 oratio
526 4004 553 4057 in
573 4005 709 4072 Verrem,
725 4006 752 4058 in
768 4022 824 4078 qua
843 4006 992 4079 agebatur,
1016 4017 1109 4061 utrum
1123 4008 1192 4059 cae-

96 4090 98 4093 ·
127 4068 225 4135 cilina,
244 4069 340 4126 Verria
354 4081 504 4142 quaestor,
520 4087 554 4125 en
573 4070 675 4126 Cicero
692 4075 811 4128 Verrarn
829 4083 979 4128 accusaret.
1013 4079 1078 4127 Aac.
1095 4069 1192 4125 ¹Pedia-
