2768 4866
472 256 535 318 titt.
557 257 575 317 l.
616 255 669 317 ΕΡ.
690 255 725 317 11:
1083 251 1128 320 81

66 445 132 507 tur.
173 439 211 506 ld
232 437 391 506 facillime
412 437 542 525 iacies,
563 437 594 503 si
614 454 668 503 mc
687 472 729 486 -
750 437 802 504 cui
823 455 957 526 semper
977 437 1035 504 uni
1052 457 1129 505 mc-

66 529 144 636 gis,
166 564 264 634 quem
284 545 472 637 universis,
493 544 631 630 placere
652 543 788 610 voluisti
808 578 850 594 -·
866 549 976 611 tecum
992 562 1129 632 semper

66 673 146 722 csse
172 653 306 741 putabis
335 657 370 718 et
396 651 548 740 omnibus
568 652 611 716 iis
631 649 752 738 rebus,
781 669 865 736 quas
892 650 985 720 dices
1007 671 1049 720 se
1069 653 1127 720 fs-

66 763 155 850 cies,
177 761 357 827 interesse.
399 759 577 846 Reliquum
598 762 668 845 est,
690 762 728 824 ut
748 761 783 824 te
804 775 912 847 orem,
932 763 970 823 ut
988 758 1127 826 veletu-

67 865 136 932 dini
157 871 257 952 tune,
278 864 310 928 si
330 880 384 930 mc
404 866 440 929 ct
460 869 535 930 tuos
556 882 672 931 omnes
693 864 812 930 velere
831 864 907 955 ris,
929 863 1128 954 diligentis-

66 975 150 1040 sime
170 971 315 1038 scrvios.
357 968 455 1036 Vale.

422 1231 693 1314 EPISTOLA
718 1236 767 1312 II.

156 1389 264 1466 Scripta
284 1402 381 1450 mense
401 1388 554 1450 Novembri
575 1388 607 1447 Α.
628 1387 659 1446 U.
682 1385 711 1446 C.
734 1385 801 1456 695.
823 1390 863 1462 (u.
884 1386 946 1448 Cirr.
968 1386 1044 1463 59),

454 1469 551 1530 iisdem
573 1468 738 1530 oonsulibus.

65 1616 279 1680 Arpumeutum.
314 1610 358 1662 De
371 1606 467 1675 Statii,
492 1605 587 1684 Quinti
601 1602 709 1673 liberti,
728 1603 864 1672 adventu,
880 1603 1075 1679 bominumque
1092 1603 1127 1660 de

135 1707 169 1743 eo
189 1689 363 1743 sermonibus
389 1686 483 1757 1-33
513 1684 547 1741 de
568 1689 743 1742 Graecorum
761 1685 972 1757 provincialium
994 1683 1127 1741 adversus

134 1771 268 1849 Quintum
281 1769 414 1842 querelis,
428 1785 536 1841 suoque
553 1785 600 1823 eos
614 1765 742 1841 placandi
757 1766 848 1822 studio
865 1770 961 1837 4-53
984 1765 1127 1822 dellomo·

131 1854 174 1906 uis
199 1851 417 1926 negotiatoribus
441 1851 545 1925 Quinto
568 1851 646 1905 iratis
668 1850 704 1921 63
743 1866 772 1905 se
792 1849 859 1904 nibil
880 1850 908 1904 in
928 1848 1049 1929 Quinto,
1075 1847 1128 1905 nisi

131 1933 263 1988 orationis
277 1933 471 2000 acerbitatem,
488 1931 675 2001 iracundiam,
693 1942 721 1986 et
736 1931 882 1987 literarum
896 1930 931 1986 ad
948 1932 1016 1986 elios
1033 1931 1128 1986 missa·

131 2033 194 2082 rum
215 2013 408 2088 indiligentiam
423 2014 633 2086 reprehendisse
649 2030 683 2085 73
713 2015 809 2086 itaque
826 2024 858 2069 ut
874 2014 1006 2069 eiusmodi
1026 2014 1128 2086 episto·

129 2098 170 2152 las
189 2097 283 2163 tollet,
299 2097 416 2151 fratrem
433 2097 561 2152 bortatur
590 2097 672 2170 8-9
681 2115 691 2166 3
725 2095 804 2150 Lucii
819 2096 907 2150 Flavii
924 2097 1062 2168 praetoris
1081 2093 1128 2150 de·

131 2179 228 2253 signati
249 2179 381 2250 querelae
395 2177 518 2250 terponit
541 2196 669 2246 10-113
699 2178 905 2251 obiurgationes
931 2194 995 2233 suas
1015 2186 1127 2233 excuset

135 2278 163 2315 rs
173 2280 182 2330 3
211 2261 296 2315 Attali
313 2261 468 2335 Iphemeni,
485 2271 514 2314 et
530 2261 634 2334 Aesopi
652 2259 777 2334 tragoedi
795 2261 933 2336 negotium
952 2259 1127 2316 commendat

135 2343 261 2412 13-143
279 2353 380 2398 statum
393 2343 434 2397 rei
451 2340 580 2414 publices
594 2341 715 2414 exponit,
733 2358 867 2415 suamque
883 2360 959 2414 spem
973 2341 1016 2397 rei
1029 2339 1127 2397 edver-

134 2442 181 2479 eus
195 2423 322 2480 Clodium
336 2425 408 2479 benc
424 2422 561 2497 gerendae
579 2423 750 2478 demonstrat
768 2423 836 2478 15-
846 2426 885 2479 rb.

337 2570 530 2641 MARCUS
552 2570 592 2654 Q.
613 2569 789 2638 FRATRI
808 2569 847 2640 S.

149 2703 283 2772 Statius
305 2703 349 2771 ad
370 2724 423 2772 mc
444 2705 540 2774 venit
560 2724 592 2771 a.
610 2704 757 2771 d.V111.
778 2701 923 2769 Kalend.
943 2700 1126 2767 Novembr.
1168 2696 1196 2762 l.
1219 2694 1249 2763 l.

68 2809 152 2875 Eius
175 2809 361 2901 adventus,
394 2812 480 2900 qnod
501 2813 550 2878 ite
571 2810 753 2898 scripsisti,
785 2809 951 2895 direptum
976 2807 1018 2873 iri
1043 2811 1080 2874 te
1106 2824 1128 2872 e

67 2919 153 3006 tuis,
176 2917 252 2985 dum
272 2919 304 2986 is
323 2918 480 3003 abesset,
503 2918 664 2985 molestus
685 2916 765 2982 mihi
782 2915 856 2981 fuit.
900 2914 996 2998 Quod
1014 2918 1127 2992 autem

65 3101 205 3174 explicere
223 3110 353 3157 conatur:
380 3101 541 3173 siluimus,
562 3120 618 3157 non
635 3102 750 3171 tertius,
775 3111 914 3157 extremus
932 3102 960 3156 in
978 3100 1127 3157 comoediis

65 3179 108 3247 est
123 3179 215 3248 actus,
241 3167 320 3250 isque
341 3169 495 3249 perfectior
510 3179 537 3223 et
551 3171 677 3249 ornatior
695 3169 805 3250 videtur
811 3188 821 3238 3
837 3168 880 3222 hic
896 3169 1009 3247 tertium
1024 3185 1126 3248 snnpm

64 3250 188 3306 mpetu,
209 3251 288 3304 quast
304 3234 430 3288 ultimum
445 3245 535 3289 ectum
550 3254 578 3289 m
595 3238 690 3291 tabula
711 3247 824 3307 accipit,
842 3235 955 3307 quondo
971 3252 999 3287 m
1016 3233 1127 3286 sdmrnr·

67 3301 198 3352 strationc
215 3301 373 3371 provinciae
389 3300 503 3363 ultimus
523 3311 564 3355 est
571 3322 580 3370 3
605 3303 655 3367 sit,
678 3301 782 3373 inquit,
807 3303 844 3355 ita
862 3301 973 3371 ultimus
993 3310 1080 3353 annus
1097 3298 1126 3353 in

66 3365 385 3482 ppppirpegpipersectns,
403 3378 443 3486 ‘lt
461 3377 503 3421 est
518 3367 630 3422 ultimus
642 3373 722 3487 poppe
744 3367 771 3484 ihn
789 3367 915 3488 imppp⁴
926 3364 1127 3484 appazexpli·

66 3511 132 3547 ...m
147 3511 202 3548 „012
219 3444 655 3556 ..ffliitt1tiil0iilii.t⁰t.
674 3443 804 3572 ..iiqii
816 3449 915 3561 ictui,
941 3441 1126 3561 bittit.

64 3560 221 3632 respexisse
237 3561 337 3632 rideri,
354 3581 410 3636 que
424 3577 482 3622 tres
499 3576 594 3640 partes
611 3563 726 3620 babent:
746 3586 765 3617 π
780 3567 887 3637 ἄλογον,
905 3563 1058 3630 ἐπεισόδιον,
1072 3563 1126 3635 ige·

66 3631 125 3695 δον,
148 3625 183 3680 dc
198 3644 255 3699 que
272 3647 295 3682 v.
313 3633 427 3690 Aristot.
450 3633 484 3686 de
503 3626 578 3707 po‘e⁴t.
600 3648 638 3689 ts.
656 3664 690 3677 -
730 3587 782 3689 val.
803 3644 865 3683 tuuc
884 3634 1048 3686 ...scrvms
1070 3632 1087 3688 i.
1101 3647 1126 3689 e.

65 3694 209 3760 consules,
227 3710 343 3766 operam
357 3695 414 3756 des.
442 3700 485 3754 Gi.
498 3715 585 3769 supra
599 3702 624 3767 §.
637 3715 677 3767 ²7·
691 3700 748 3753 Cic.
767 3697 801 3750 de
816 3696 896 3754 Oret.
913 3711 943 3760 a,
954 3696 1001 3752 iio:
1017 3697 1124 3752 servire

65 3759 213 3828 brevitati3
232 3777 283 3832 pre
300 3761 486 3818 Rosedmer.
504 3767 540 3819 rb.
557 3781 601 3835 cp.
616 3763 651 3816 sd
668 3763 720 3816 div.
735 3763 765 3831 5,
781 3775 810 3816 sa
829 3773 898 3818 extr.
934 3763 1046 3819 Tuscul.
1063 3765 1125 3831 5,e

67 3835 137 3908 extr.
155 3837 182 3881 et
200 3844 251 3881 nos
268 3826 304 3882 ed
320 3828 418 3906 Q.Cic.
436 3827 470 3882 dc
485 3840 541 3901 pet.
555 3831 669 3890 Consul.
686 3836 710 3897 §.
726 3831 759 3884 bo
777 3851 801 3901 p.
814 3831 854 3896 64.
871 3862 904 3872 -
947 3829 1023 3895 Vale,
1040 3832 1125 3903 vulgo

64 3909 203 3951 ⁰¹⁰¹⁸⁸¹¹⁰¹⁶
238 3938 241 3945 '
476 3937 657 4017 urisrous
680 3963 716 4017 11.
828 3979 830 3982 ·

133 4033 154 4087 1.
175 4040 203 4103 g.
222 4052 243 4088 1.
277 4035 398 4095 starioc,
422 4034 516 4112 Quinti
532 4034 668 4103 libertus,
692 4037 741 4108 qui
765 4033 846 4094 nimia
864 4033 939 4112 apud
958 4035 1126 4109 cumgratia

65 4097 179 4154 valeret.
215 4103 254 4159 V.
267 4097 302 4154 ed
317 4101 375 4158 Act.
392 4116 422 4169 t,
439 4099 470 4156 18
482 4110 552 4159 extr.
569 4112 597 4157 et
613 4119 642 4174 ¹9
656 4102 711 4159 init.
727 4138 757 4151 -
791 4106 924 4176 dr'rcptum
940 4107 979 4159 iri
991 4117 1017 4156 te
1033 4121 1050 4154 a
1065 4102 1126 4157 tuis.
