2768 4866
207 209 272 316 12⁸
352 249 388 310 u.
408 247 439 310 r.
461 247 645 311 clouaoms
666 248 817 310 arisoou.
839 249 887 308 no
909 249 940 320 o.
962 247 1128 308 aaaruau

207 455 300 503 mus:
329 452 392 523 quo
422 433 466 501 de
493 453 624 522 genere
644 433 747 499 multa
767 432 916 519 praecipi
937 436 1096 519 possunt,
1125 431 1191 498 sed
1215 431 1283 498 hoc

207 546 243 609 et
262 541 495 608 brevissimum
508 545 572 607 est
592 545 628 607 et
648 539 807 607 facillime
827 541 936 606 teneri
950 543 1081 625 potest,
1104 543 1141 603 ut
1161 538 1215 604 ita
1238 558 1282 605 se

208 650 334 736 gerant
353 648 388 713 in
409 648 485 714 istis
506 648 668 714 Asiaticis
690 646 883 735 itineribus,
906 649 944 711 ut
958 647 987 710 si
1003 646 1068 711 iter
1083 646 1197 732 Appia
1219 649 1281 714 via

209 754 363 819 faceres:
384 769 472 820 neve
492 753 661 818 interesse
682 752 857 838 quidquam
878 756 1015 839 putent,
1037 756 1145 817 utrum
1167 753 1278 820 'l'ral-

208 858 252 925 lis
279 878 323 925 an
351 857 503 925 Formias
530 860 695 925 venerint.
748 861 801 925 Ao
834 860 864 924 si
893 859 966 946 quis
1001 864 1054 924 est
1086 876 1130 924 ex
1161 862 1280 926 servis

209 966 354 1054 egregie
382 964 516 1052 tidelis,
551 966 596 1030 sit
622 966 657 1032 in
688 964 881 1030 domesticis
913 963 1014 1028 rebus
1048 967 1083 1028 et
1110 963 1279 1049 privatis:

147 1079 149 1084 '
209 1089 370 1158 quaeres
391 1069 435 1137 ad
457 1071 601 1138 osticium
621 1071 749 1157 imperii
771 1070 820 1134 tui
840 1075 941 1155 atque
963 1067 1006 1134 ad
1028 1069 1171 1154 aliquam
1191 1088 1278 1155 par-

209 1183 276 1244 tem
296 1179 347 1243 rei
368 1178 523 1265 publicae
543 1177 774 1264 pertinebunt,
804 1174 846 1240 de
866 1176 908 1242 iis
929 1175 1031 1240 rebus
1053 1192 1096 1239 ne
1118 1176 1196 1261 quid
1219 1182 1278 1243 at-

208 1284 332 1370 tingat.
374 1282 483 1349 Multa
503 1284 607 1365 enim,
628 1300 712 1367 quae
733 1285 828 1347 recte
849 1282 1005 1348 committi
1025 1282 1138 1347 seruis
1159 1281 1277 1348 fideli-

207 1387 271 1454 bus
292 1394 451 1475 possunt,
473 1393 584 1471 tamen
605 1388 769 1454 sermonis
787 1391 822 1453 et
836 1389 1093 1473 vituperationis
1112 1388 1278 1455 vitandae

116 1499 173 1570 18.
211 1514 314 1562 causa
329 1495 564 1562 committenda
580 1515 647 1562 non
663 1499 752 1561 sunt.
795 1493 867 1563 Sed
888 1496 1004 1561 nescio
1027 1513 1091 1580 quo
1111 1498 1213 1580 pacto
1233 1494 1280 1560 ad

206 1602 434 1689 praecipiendi
453 1603 617 1670 rationem
639 1602 779 1688 delapsa
801 1607 855 1667 est
877 1603 983 1668 oratio
1003 1620 1096 1685 mea,
1118 1621 1218 1686 quum
1240 1601 1278 1667 id

207 1710 286 1776 milri
305 1712 514 1797 propositum
534 1711 627 1777 initio
649 1729 716 1776 non
733 1711 867 1778 fuisset.
911 1711 998 1794 Quid
1016 1711 1102 1777 enim
1120 1710 1151 1774 ei
1169 1727 1277 1795 prae-

208 1816 346 1904 cipiam,
369 1834 465 1900 quem
488 1833 556 1902 ego
578 1816 613 1881 in
634 1813 699 1881 hoc
718 1815 1067 1902 praesertimltgenere
1084 1814 1279 1901 intelligam

207 1921 387 2010 prudentia
418 1942 484 1988 non
517 1940 597 1988 esse
630 1921 821 1987 inferiorem
853 1941 950 2008 qoam
984 1940 1059 2010 me,
1093 1940 1158 1986 usu
1191 1939 1278 1988 vero

207 2029 308 2095 etiam
321 2018 560 2115 superiorem?
602 2026 674 2094 Sed
691 2032 803 2094 tamen
823 2029 855 2093 si
875 2027 919 2094 ad
941 2046 1000 2115 ea,
1023 2046 1109 2114 quae
1127 2029 1278 2117 faceres,

207 2137 394 2203 auctoritas
415 2132 596 2203 accederet
616 2152 711 2222 mea,
734 2136 794 2202 tibi
815 2137 890 2222 ipsa
909 2136 968 2201 illa
990 2135 1105 2222 putaui
1125 2134 1199 2200 fore
1221 2138 1278 2201 iu-

208 2242 379 2310 cundiora.
424 2241 536 2325 Quare
558 2242 626 2306 sint
646 2240 731 2307 haee
746 2242 961 2308 fundamenta
979 2240 1156 2330 dignitatis
1177 2245 1276 2311 tuae:

208 2352 268 2414 tua
287 2349 426 2435 primum
446 2348 627 2436 integritas
650 2352 685 2413 et
706 2350 935 2436 continentia3
971 2346 1092 2413 deinde
1115 2349 1277 2422 omnium>

182 2455 266 2540 qui
286 2459 397 2520 tecum
415 2460 514 2541 smrt,
543 2456 672 2545 pudor3
701 2455 853 2523 delectus
881 2456 916 2518 in
936 2452 1216 2518 familiaritatibus
1239 2458 1276 2518 et

207 2562 461 2648 provincialium
482 2562 648 2627 hominum
671 2567 705 2628 et
727 2562 932 2628 Graecorum
952 2564 1135 2645 percautus
1160 2562 1195 2623 et
1215 2558 1270 2622 di-

115 2668 171 2737 19.
209 2665 346 2756 ligens3
376 2668 522 2734 familiae
549 2669 670 2755 gravis
700 2673 735 2735 et
757 2672 919 2735 constans
941 2666 1129 2751 disciplina.
1177 2663 1269 2746 Quae

209 2791 306 2860 quum
327 2773 471 2840 honesta
490 2775 559 2840 sint
579 2777 614 2842 in
634 2776 687 2841 his
702 2778 845 2863 privatis
864 2775 991 2840 nostris
1007 2772 1273 2860 quotidianisque

208 2881 413 2965 rationibus,
444 2882 479 2947 in
508 2887 601 2949 tanto
623 2885 779 2973 imperio,
808 2890 875 2951 tam
896 2882 1089 2969 depravatis
1108 2880 1275 2968 moribus,

209 3063 277 3114 mine
294 3061 396 3112 nullam
414 3064 513 3132 scorpio
535 3068 735 3120 excasationem,
755 3095 786 3107 -
824 3069 911 3135 Appula
929 3068 989 3126 oia,
1013 3064 1040 3117 in
1059 3080 1130 3135 qua,
1152 3061 1278 3116 omnium

209 3126 447 3199 frequentissima,
462 3138 490 3181 et
504 3129 533 3181 in
548 3130 646 3183 civium
662 3132 849 3184 Romanorum
862 3140 1022 3200 conspectu,
1039 3131 1111 3183 servi
1125 3147 1180 3181 non
1194 3128 1278 3182 facile

210 3211 269 3248 sese
286 3192 428 3247 efferrent.
446 3227 479 3238 -
502 3194 620 3261 faceres.
654 3197 764 3251 Ernesti
779 3197 1007 3264 malebatsacz'cs.
1034 3197 1089 3250 Sed
1104 3213 1202 3249 sensus
1218 3205 1278 3248 est:

210 3277 243 3315 eo
259 3259 342 3314 modo
359 3270 514 3378 negarant,
532 3279 589 3332 quo
607 3279 635 3316 se
654 3273 799 3333 gererent,
821 3263 843 3316 si
859 3265 912 3316 iter
927 3305 933 3318 .
948 3307 954 3320 .
970 3306 976 3316 .
993 3263 1082 3316 facies.
1119 3264 1153 3314 V.
1173 3262 1280 3332 Zumpt

210 3330 234 3396 §.
267 3332 353 3394 alp-
426 3326 504 3388 oliab,
523 3327 621 3382 urbem
637 3330 734 3382 Cariae
750 3330 777 3383 in
794 3329 857 3383 Asia
873 3329 985 3395 minori,
1009 3327 1088 3381 bodio
1102 3327 1279 3396 Eslilrissar3

210 3395 350 3456 Formias,
367 3391 500 3466 oppidum
516 3393 602 3462 Latii,
620 3394 667 3448 ubi
682 3395 825 3467 praedium
842 3395 982 3448 Ciceronis
998 3406 1065 3448 erat.
1079 3427 1111 3438 -
1143 3395 1278 3456 venerint,

210 3476 266 3512 mon
280 3462 420 3523 cerassem,
437 3469 500 3530 post
515 3476 606 3530 praes.
620 3461 757 3516 coniunct.
778 3481 804 3515 v.
820 3463 922 3532 Zumpt
944 3459 967 3528 b.
984 3463 1041 3516 512.
1058 3493 1091 3504 ·-
1124 3465 1172 3512 Ac.
1190 3460 1278 3531 Vulg.

186 3536 250 3579 ἀι.
284 3527 319 3579 V.
338 3526 429 3582 adnot.
445 3541 534 3578 meam
552 3525 585 3578 ad
604 3528 637 3601 Q
654 3528 709 3580 Cic.
729 3530 762 3579 de
779 3528 855 3599 petit.
871 3545 945 3580 cons.
966 3532 989 3597 §.
1006 3533 1095 3598 dq-
1129 3528 1277 3587 sermonis,

210 3590 312 3656 famae,
329 3590 482 3646 Nacbrede.
501 3623 535 3636 -
567 3596 692 3648 cornmitt.
707 3611 760 3644 non
773 3606 844 3649 sant.
873 3592 954 3672 Quod
969 3605 1060 3648 tamen
1073 3603 1153 3646 antea
1167 3591 1278 3647 fecerat

212 3655 340 3732 Quintus.
375 3659 416 3711 Gi.
435 3676 480 3730 cp.
498 3660 528 3713 16
543 3669 570 3712 et
585 3659 617 3712 ad
631 3658 686 3711 hui.
702 3658 765 3712 libr.

277 3731 365 3807 518.
400 3758 442 3794 vv.
466 3760 544 3812 quom
561 3760 601 3804 ma
623 3741 732 3795 Ernest.
752 3753 879 3812 suspecta
901 3741 1013 3811 habuit3
1041 3739 1089 3795 sed
1118 3758 1144 3792 v.
1164 3740 1277 3807 Zumpt.

209 3807 235 3924 g.
250 3804 307 3882 idq.
320 3837 354 3848 -
370 3809 553 3888 ‘succeptum
567 3823 710 3888 assensus,
724 3808 862 3890 probatio.
880 3839 913 3852 —-
932 3814 990 3878 ipsa
1003 3809 1050 3861 illa
1066 3824 1099 3858 ex
1113 3806 1278 3886 coniectura

235 3887 302 3924 reum
316 3867 390 3923 dedo
403 3871 514 3926 Schuta.
527 3891 581 3944 pro
600 3874 672 3994 vulgi.
692 3893 741 3944 apat
757 3877 813 3929 alla.
830 3910 863 3921 -
900 3878 999 3954 pudor,
1017 3872 1162 3940 modestia,
1179 3870 1285 3941 probo·

210 3946 269 4016 tea,
286 3935 414 3990 honestae
431 3969 464 3982 -·
487 3939 633 4006 samibbe,
670 3941 1090 4008 omesticorum‚mm1strorum.

276 4025 302 4089 s.
321 4035 361 4091 19.
395 4021 423 4070 iu
441 4031 518 4071 tanto
538 4025 664 4091 imperio,
687 4025 715 4077 in
734 4033 811 4077 tanto
829 4038 942 4076 munere
961 4019 1137 4092 provinciali,
1162 4019 1189 4072 in
1209 4036 1277 4089 pro-

210 4085 295 4142 uincia
308 4083 390 4154 Asia,
407 4085 451 4138 cui
468 4095 544 4141 tanta
556 4105 620 4142 cum
635 4099 772 4158 potestate
786 4103 892 4159 praees.
905 4116 937 4130 ·-
962 4089 1144 4155 corruptrice,
1161 4082 1195 4139 ad
1212 4103 1276 4140 cor·
