2768 4866
264 243 314 314 76
410 248 446 310 Μ.
468 247 498 308 Τ.
520 244 702 308 ciceronis
723 243 876 304 lll'lSTOl..
899 243 946 303 All
967 244 998 314 0.
1020 241 1195 303 FRATREM

266 434 396 516 emptos
419 446 498 495 esse
519 427 664 493 dixit-
685 427 735 492 sic
757 426 844 491 enim
865 426 1038 511 prlacuerat
1057 463 1098 476 -
1129 430 1165 491 et
1189 424 1336 491 tabulam

190 602 195 612 ,
266 536 488 624 proscripsit,
520 535 580 602 SM
607 531 840 598 FAMILIAM
866 530 1185 598 CA'lllNlANAM
1217 531 1335 596 VEN-

262 636 486 710 DITURUM.
538 641 579 707 ln
605 658 680 706 eam
709 638 857 704 tabulam
887 638 1002 723 magni
1028 639 1119 702 risus
1141 654 1335 722 conseque·

267 747 398 813 bantur.
449 746 549 812 Nunc
576 746 682 832 igitur
703 743 863 812 Catonem
884 744 1049 810 Lentulus
1070 763 1093 810 a
1112 743 1258 831 legibus
1278 762 1334 810 re·

266 857 371 921 morit
400 858 435 920 ct
464 872 541 942 eos,
569 854 625 939 qui
647 852 689 919 de
711 850 859 918 Caesare
882 851 1033 914 monstra
1054 848 1333 935 promulgarunt,

266 961 385 1046 quibus
415 960 643 1028 intercederet
671 975 780 1023 nemo.
833 954 944 1042 Nam,
980 954 1068 1040 quod
1100 954 1143 1021 de
1174 955 1332 1044 Pompeio

266 1064 426 1133 Caninius
454 1067 547 1154 agit,
578 1084 662 1131 sune
689 1085 785 1151 quum
814 1061 957 1127 refrixit.
1009 1061 1130 1146 Neque
1161 1063 1254 1128 enim
1281 1081 1331 1128 res

265 1171 426 1258 probatur
446 1177 482 1238 et
499 1172 679 1257 Pompeius
700 1175 818 1237 noster
839 1169 874 1234 in
895 1168 1040 1234 amicitia
1059 1168 1099 1232 P.
1116 1167 1263 1233 Lentuli
1282 1170 1332 1234 vi·

266 1279 441 1363 tuperatur
462 1279 499 1341 et
519 1274 656 1379 hercule
677 1296 745 1341 non
767 1279 821 1341 est
842 1271 942 1356 iddm.
996 1274 1084 1339 Num
1106 1274 1199 1360 apud
1222 1275 1331 1363 perdi·

265 1381 430 1447 tissimum
461 1381 552 1446 illam
582 1385 683 1466 atque
713 1380 857 1446 infimum
888 1382 1020 1447 faecem
1052 1380 1166 1466 populi
1197 1386 1332 1468 propter

264 1485 425 1559 Milonem
446 1485 669 1574 suboffendit3
702 1491 737 1551 et
759 1485 837 1551 boni
856 1486 961 1552 multa
985 1486 1027 1552 ab
1050 1503 1090 1551 eo
1114 1486 1330 1570 desiderunt,

173 1631 175 1634 >
263 1595 369 1665 multa
395 1591 656 1680 reprehendunt.
704 1590 926 1660 Marcellinus
948 1596 1060 1658 autem
1079 1591 1144 1657 hoc
1168 1611 1240 1658 uno
1262 1592 1331 1658 mihi

264 1701 395 1788 quidem
415 1721 483 1768 non
504 1699 692 1787 satisfacit,
714 1699 898 1784 quodcum
920 1698 1018 1765 nimis
1040 1715 1164 1784 aspere
1187 1702 1329 1765 tractat:

265 1827 462 1894 quamquam
482 1806 516 1873 id
537 1811 658 1881 senatu
682 1824 748 1872 uon
768 1806 876 1873 iuvito
897 1805 1001 1874 facit:
1033 1824 1097 1891 quo
1120 1822 1191 1894 ego
1215 1826 1272 1872 mc
1292 1804 1329 1870 li·

265 1914 399 1991 beritius
419 1934 440 1979 a
461 1914 553 1980 curia
575 1919 610 1980 et
630 1913 672 1979 ab
694 1913 783 1979 omni
799 1918 896 1998 parte
915 1912 967 1978 rei
986 1909 1141 1997 publioae
1158 1910 1330 1978 subtraho.

191 2012 227 2082 6.
271 2020 312 2084 ln
332 2018 464 2085 iudiciis
485 2019 509 2082 ii
530 2036 664 2104 sumus,
687 2018 742 2102 qui
757 2017 900 2082 fuimus:
923 2017 1038 2082 domus
1059 2014 1328 2105 celebraturus,

266 2129 304 2203 ut
324 2144 398 2193 oum
418 2124 570 2191 maxime.
611 2123 722 2193 Unum
739 2123 864 2194 accidit
883 2121 1108 2212 imprudentia
1126 2121 1269 2190 Milonis
1284 2125 1332 2190 in·

264 2339 303 2389 cr'c
321 2352 359 2389 aa.
376 2334 462 2405 plac,
481 2353 543 2389 cum
555 2337 659 2391 Milone
677 2348 890 2394 convenerat·
927 2340 980 2394 tab.
1012 2339 1152 2406 rescripsit
1171 2338 1188 2391 i.
1206 2353 1230 2392 e.
1244 2337 1332 2393 tabula

265 2400 376 2473 publice
403 2402 491 2472 positu
512 2404 694 2458 venditionem
716 2404 806 2459 edixit.
849 2407 885 2460 V.
916 2402 950 2457 ad
1005 2403 1086 2456 .Gic.
1109 2405 1128 2456 l.
1146 2422 1169 2456 e.
1198 2427 1224 2486 p.
1242 2422 1279 2459 ro.
1302 2435 1331 2446 -

265 2469 360 2547 magui
373 2469 461 2532 ritas,
478 2470 559 2540 quia,
576 2480 608 2524 ut
626 2471 777 2544 Bentioogl.
796 2479 902 2536 mouet,
919 2469 1123 2542 proscripserat
1139 2469 1267 2524 familiam
1282 2471 1328 2522 Ca-

265 2545 403 2589 tonianam
416 2550 446 2587 aa
463 2535 656 2604 venditurum,
680 2553 841 2602 morsuum,
887 2539 943 2589 uasi
958 2535 1059 2589 familia
1076 2535 1192 2589 Catonis
1210 2537 1262 2589 unis
1275 2534 1327 2606 gla-

267 2599 420 2654 diatoribus
437 2611 465 2654 et
478 2602 613 2656 bestiariis
630 2602 790 2656 constiterit.
807 2635 840 2646 -
900 2604 1051 2670 arrigitur
1073 2603 1123 2653 Cat
1169 2602 1276 2657 Schirta.
1294 2615 1325 2651 ex

268 2666 332 2721 edit.
349 2669 427 2722 llum.
443 2667 521 2722 Hanc
538 2671 625 2736 igitar
641 2671 784 2730 Catonem,
812 2666 887 2739 quod
927 2667 1098 2720 roborerunt
1113 2668 1181 2721 Ern.
1201 2678 1229 2723 ct
1246 2664 1328 2720 Beati-

269 2733 340 2804 eogl.
354 2766 384 2778 ·-
419 2751 436 2784 a
454 2734 555 2804 legibus
573 2733 780 2808 promulgandis
799 2745 826 2787 et
840 2750 874 2806 pe
904 2734 1013 2787 ercndis
1029 2735 1153 2795 remouit,
1175 2733 1331 2788 facultatem

266 2797 373 2853 ferendi
389 2799 466 2872 leges
478 2800 587 2854 ademit.
600 2833 631 2847 -
672 2812 792 2852 monstra
815 2800 831 2852 i.
846 2816 868 2852 e.
886 2800 962 2870 leges
978 2810 1166 2864 monstrosas,
1183 2798 1332 2864 absurdas,

267 2866 309 2919 rei
323 2865 451 2936 publicae
469 2866 720 2938 perniciosissimas.
734 2899 765 2908 -
801 2868 927 2917 Caninius
944 2866 1008 2921 trib.
1026 2865 1064 2936 pl.
1077 2882 1112 2918 ro
1130 2865 1254 2919 ationem
1274 2881 1332 2935 pro

266 2933 453 3012 mulgaverat,
478 2944 511 2986 ut
532 2933 679 3005 Pompeius
697 2931 885 2985 Ptolemaeum
903 2949 996 3005 regem
1019 2949 1082 2984 cum
1104 2882 1218 2985 ‹laabus
1241 2931 1332 3004 legatis

265 3005 434 3050 restitueret.
469 3001 505 3052 V.
521 2997 554 3050 ad
572 2999 625 3051 div.
642 3017 676 3067 r,
689 3014 720 3062 a,
736 3015 766 3062 ¹3
791 3001 822 3062 4,
840 3018 862 3050 ι.
884 3015 971 3069 supra
991 3015 1006 3052 e
1027 3041 1033 3052 .
1055 3015 1085 3061 a,
1102 3001 1126 3052 3.
1148 3030 1181 3043 -
1216 2999 1333 3062 refrixit,

237 3085 239 3089 ⁷
267 3061 418 3127 omittitur,
443 3061 552 3122 haeret.
576 3080 631 3116 uon
649 3063 767 3133 amplius
782 3064 879 3133 agitur.
919 3064 960 3119 cf.
982 3082 999 3117 a
1036 3063 1333 3135 Att.r‚1p‚4.inira

266 3130 342 3195 358,
359 3134 384 3195 4.
401 3159 433 3173 -
467 3129 604 3198 Pompeias
669 3132 849 3196 vituperatur,
868 3128 926 3200 qui,
939 3147 1025 3200 quum
1042 3146 1056 3181 a
1071 3131 1202 3193 Lentulo,
1220 3129 1332 3183 consule

266 3195 329 3250 anni
344 3194 511 3266 superioris,
528 3212 596 3248 curu
614 3195 655 3248 rei
669 3195 865 3248 frumentariae
881 3197 1012 3266 Pompeio
1028 3205 1100 3249 essct
1117 3193 1226 3260 delata,
1245 3203 1284 3260 (v.
1300 3189 1331 3245 ad

266 3267 322 3316 Ait.
340 3265 370 3326 4,
389 3280 417 3323 ι,
432 3279 456 3328 7.
482 3261 545 3314 coll.
562 3259 594 3312 ad
613 3259 667 3314 div.
687 3279 715 3324 r,
732 3260 791 3324 1,3
809 3267 891 3328 extr.)
917 3262 1051 3316 honorem
1069 3259 1232 3314 restituendi
1248 3259 1333 3315 Ptole·

265 3328 337 3380 maci
352 3327 423 3400 regis
448 3327 472 3379 ei
495 3338 645 3380 conaretur
662 3326 779 3397 eripere.
791 3361 824 3371 --
866 3329 950 3389 r'dcm,
974 3328 1022 3400 qui
1037 3328 1145 3392 fuerat,
1163 3344 1220 3381 non
1240 3325 1332 3379 eadem

265 3391 370 3447 fruitur
389 3393 561 3459 auctoritate,
577 3410 632 3464 qua
650 3403 738 3446 antea.
753 3423 784 3435 -
810 3393 915 3460 faecem
929 3411 1008 3464 pop,
1026 3391 1175 3447 studiosam
1187 3391 1283 3447 clodii.
1299 3421 1329 3434 -

284 3477 306 3513 r.
323 3462 457 3524 Milonem,
474 3476 556 3530 quem
570 3471 728 3512 accusatum
747 3473 761 3509 a
777 3458 875 3512 Clodio
893 3457 1062 3512 defenderat.
1096 3459 1137 3514 cf.
1151 3475 1240 3529 supra
1262 3473 1330 3530 epa

262 3478 322 3578 lui.
336 3525 384 3577 lib.
401 3522 424 3591 §
440 3545 461 3579 a.
482 3523 516 3578 ad
532 3523 584 3580 div.
604 3544 631 3592 r,
645 3526 675 3580 5:
698 3524 870 3594 Posteaquam
885 3524 1021 3595 Pompeius
1034 3538 1060 3577 ct
1076 3525 1148 3594 apud
1159 3525 1289 3593 populum
1305 3541 1329 3576 a.

267 3591 377 3644 a‘Vltl.
398 3591 427 3644 ld
450 3593 522 3643 Febr.
542 3609 621 3662 quam
658 3609 689 3643 ro
710 3590 807 3640 Milone
829 3591 925 3657 dr'aerct
948 3601 1000 3644 cte.
1017 3624 1049 3634 -
1087 3590 1258 3661 suboffendit,
1278 3606 1331 3644 nou

267 3657 394 3719 omnino,
421 3655 468 3711 sed
486 3658 585 3727 leviter
601 3610 729 3717 odinum,
754 3655 859 3736 quippe
884 3655 932 3772 rpui
953 3656 1067 3710 maxime
1089 3656 1233 3727 popularis
1254 3664 1332 3711 esset.

266 3721 306 3778 cl
327 3738 411 3792 supra
430 3739 465 3794 ep
483 3723 514 3789 ὃ,
526 3727 560 3791 4:
577 3724 745 3776 concrunarr‘o
761 3721 808 3772 allo
820 3739 918 3791 popuc
934 3740 950 3773 a
963 3742 991 3774 aa
1005 3740 1056 3792 pro
1075 3723 1270 3774 aalr'caato.·-
1293 3722 1331 3774 aa

175 3785 177 3792 ’
266 3787 402 3849 siderant,
416 3804 489 3860 quae
505 3807 560 3841 non
577 3797 713 3862 praestat,
730 3803 816 3858 quum
835 3786 946 3858 debeat3
974 3741 1166 3859 reprcianduat
1179 3805 1254 3858 quae
1271 3787 1331 3861 agit,

265 3868 353 3926 quum
368 3871 423 3905 uon
439 3853 545 3908 debeat.
561 3888 589 3897 -
621 3873 691 3916 eam,
710 3853 877 3926 Pompeium.
894 3885 927 3898 -
955 3874 972 3907 a
989 3857 1076 3915 auria,
1093 3870 1128 3906 nc
1147 3865 1196 3908 aut
1212 3854 1240 3906 in
1256 3857 1332 3908 Pom·

266 3921 330 3990 pelo
347 3915 519 3973 defendendo
533 3921 636 3975 animos
651 3919 791 3973 honorum
807 3918 958 3988 offendam,
983 3931 1030 3975 aut
1048 3919 1191 4057 separatio
1207 3919 1331 3974 adversa·

266 3983 323 4069 rios
338 3982 627 4059 einsingratelaciam
644 3986 671 4040 in
687 3986 787 4070 ipsum.
821 3987 858 4042 V.
877 4003 962 4058 supra
978 3988 1068 4059 epil,
1103 3996 1220 4040 ‚textu
1284 4028 1292 4042 .

331 4085 359 4148 ς.
374 4077 399 4132 6.
429 4077 586 4138 Iaiada'cr'ir,
601 4091 749 4132 canutum
764 4087 908 4150 patronus
924 4108 955 4122 -·
986 4077 1134 4134 celedratar
1148 4093 1166 4131 a
1180 4077 1333 4134 clientibus
