2768 4866
186 238 229 307 16
328 242 363 303 ld.
386 241 415 302 T.
438 238 621 305 CICERONIS
644 239 793 300 aristot.
816 241 863 299 Al)
885 241 915 310 0.
940 238 1108 303 FRATREM

22 436 155 508 111.23.
269 426 380 514 Cyrus
408 426 467 494 ille
495 422 764 511 aXenophome
792 441 859 488 nou
886 422 929 488 ad
959 423 1124 490 historiae
1156 422 1257 489 tidem

187 535 355 623 scriptus,
388 532 450 600 sed
478 532 522 600 ad
545 533 696 619 effigiem
724 531 802 597 iusti
822 530 973 617 imperii,
1006 530 1099 595 cuius
1123 548 1258 597 summa

187 642 344 729 gravitas
365 639 406 705 ab
423 639 481 706 illo
498 639 698 726 philosopho
714 655 788 701 cum
803 633 970 721 singulari
987 634 1149 700 comitate
1169 654 1257 701 con-

189 749 356 837 iungitur:
378 785 418 796 -
440 765 525 833 quos
546 744 677 834 quidem
697 742 800 809 libros
822 759 889 806 non
911 740 985 805 sine
1006 757 1112 805 causa
1135 744 1258 807 noster

186 858 245 924 ille
266 855 447 922 Africanus
469 850 684 919 demonibus
704 868 833 937 ponere
854 867 922 913 non
943 846 1095 913 solebat:
1124 846 1259 931 nullum

188 968 244 1031 est
279 964 366 1030 enim
389 958 662 1047 praetermissum
689 957 793 1022 iniis
826 954 970 1021 officium
1001 953 1184 1040 diligentis
1223 958 1258 1019 ct

187 1068 353 1136 moderati
373 1067 523 1152 imperii:
545 1101 585 1113 —
608 1081 731 1151 eaque,
753 1063 783 1128 si
804 1062 855 1128 sie
876 1061 980 1127 coluit
1000 1059 1077 1146 ille,
1099 1060 1161 1144 qui
1183 1059 1256 1145 pri-

187 1179 290 1243 vatus
316 1173 448 1237 futurus
470 1188 636 1255 nunquam
663 1169 747 1234 fuit:
778 1186 920 1254 quonam
947 1165 1045 1232 modo
1072 1167 1259 1234 retinenda

189 1285 270 1346 sunt
300 1279 362 1366 iis,
397 1275 516 1364 quibus
543 1275 714 1363 imperium
741 1275 792 1341 ita
817 1273 931 1340 datum
959 1277 1031 1362 est,
1061 1277 1099 1339 ut
1124 1275 1258 1342 redde-

189 1392 287 1475 rent,
319 1392 355 1452 et
374 1385 416 1450 ab
438 1385 480 1450 iis
500 1383 636 1472 legibus
659 1381 771 1449 datum
793 1385 868 1467 est,
898 1378 941 1446 ad
963 1399 1047 1467 quas
1072 1391 1259 1450 reverten-

139 1548 150 1567 .
192 1494 269 1561 dum
297 1484 382 1560 estb
432 1495 486 1560 Ac
511 1492 591 1559 mihi
620 1489 751 1577 quidem
778 1487 936 1555 videntur
955 1489 1021 1555 huc
1042 1491 1156 1556 omnia
1179 1509 1261 1559 esse

194 1599 373 1668 referenda
400 1600 465 1687 iis,
499 1599 555 1686 qui
575 1601 737 1685 praesunt
757 1596 855 1684 aliis,
890 1600 926 1661 ut
946 1596 992 1682 ii,
1024 1597 1080 1682 qui
1101 1603 1205 1663 erunt
1223 1600 1261 1664 in
1298 1686 1300 1691 .

192 1724 306 1774 eorum
323 1704 482 1791 imperio,
503 1703 572 1768 sint
590 1721 689 1788 quam
703 1701 906 1769 beatissimir
928 1700 1016 1789 quod
1037 1702 1099 1767 tibi
1121 1708 1158 1769 et
1179 1721 1262 1771 esse
1298 1708 1300 1715 ‘

192 1812 457 1898 antiquissimum
486 1814 523 1877 et
549 1808 591 1875 ab
620 1809 716 1874 initio
744 1810 872 1898 luisse,
904 1814 942 1874 ut
966 1809 1107 1895 primum
1137 1810 1263 1876 Asiam

194 1918 358 2005 attigisti,
386 1919 565 1983 constante
585 1914 676 1982 fama
697 1919 799 2001 atque
820 1915 961 2006 omnium
982 1931 1139 1981 sermone
1161 1915 1262 1984 eele-

194 2025 327 2091 bratum
348 2026 413 2087 est.
464 2019 530 2084 Est
550 2023 661 2086 autern
682 2037 749 2087 non
769 2019 867 2086 modo
890 2023 983 2110 eius,
1013 2021 1070 2107 qui
1096 2021 1205 2087 sociis
1227 2026 1264 2090 et

196 2129 348 2214 civibus,
370 2126 554 2225 sedetiam
575 2127 667 2213 eius,
690 2128 744 2210 qui
765 2128 896 2213 servis,
919 2129 972 2213 qui
993 2127 1092 2192 mutis
1112 2127 1263 2213 pecudi·

197 2235 260 2301 bus
280 2233 428 2322 praesit,
457 2251 589 2320 eorum,
616 2234 735 2320 quibus
755 2233 903 2320 praesit,
926 2229 1107 2296 commodis
1131 2232 1264 2299 utilita-

264 2403 342 2460 VIII.
367 2411 393 2472 s.
410 2402 451 2458 ab.
486 2406 570 2474 Cyrus
587 2406 632 2456 ille
718 2424 813 2478 eaque,
829 2408 855 2456 si
869 2407 908 2458 sic
921 2405 1004 2455 coluit
1020 2404 1072 2457 tlte.
1107 2405 1280 2458 'Arcadios-¹

198 2473 243 2525 9oo
257 2469 321 2522 huie
337 2467 450 2539 periodo
467 2470 555 2523 inesse
568 2471 648 2524 lboile
661 2469 742 2527 vides.
786 2473 864 2550 Quae
882 2480 913 2523 ut
926 2478 1117 2534 amoveretur,
1143 2471 1262 2525 Ursinus

220 2536 361 2608 roposuit:
376 2538 492 2605 scrrptos
509 2547 567 2599 εει]
589 2538 699 2592 Ernest.
717 2548 808 2591 autern
826 2556 873 2607 quc
890 2537 917 2588 in
935 2554 1024 2606 eaque,
1039 2546 1066 2588 et
1080 2537 1124 2586 r'lle
1143 2547 1203 2605 post
1221 2555 1262 2590 co·

198 2555 251 2656 duit
266 2601 374 2658 delevit.
417 2601 567 2655 Lambinus
581 2602 736 2657 iuncturam
752 2605 789 2657 ita
805 2602 951 2656 restituere
971 2612 1085 2654 conatus
1103 2610 1160 2667 est,
1186 2612 1218 2655 ut
1233 2604 1264 2654 Si

200 2672 287 2740 Cyrus
307 2710 355 2725 ...
376 2669 423 2719 sed
440 2669 465 2718 si
479 2668 542 2721 llaec
558 2667 641 2736 officia
656 2672 695 2721 sic
707 2671 790 2721 coluit
807 2669 851 2720 ille
872 2667 1043 2733 emendaret,
1062 2666 1109 2720 ubi
1125 2679 1199 2746 part.
1216 2668 1262 2718 scd

199 2752 252 2809 per
271 2733 448 2815 epanalepsin
463 2750 484 2787 s.
500 2737 694 2803 repetitrbnem,
712 2735 840 2790 Ciceroni
857 2733 920 2788 satis
937 2733 1078 2800 usitatam,
1095 2750 1139 2785 our
1154 2735 1262 2806 figurae

200 2800 265 2855 alibi
283 2803 385 2867 agitor,
410 2800 467 2853 dieo
485 2809 538 2853 cet.
561 2801 727 2866 inserviunt,
746 2800 780 2854 ad
800 2800 954 2872 primariam
971 2798 1132 2853 sententiam
1151 2798 1263 2853 lectoris

201 2867 319 2920 animum
334 2868 455 2921 revocat.
488 2869 689 2921 Verumtamen
710 2879 880 2922 structuram
893 2867 1083 2919 anacolutham
1097 2865 1150 2919 illis
1171 2881 1261 2918 emen·

202 2931 358 2985 dationibus
373 2937 509 3002 potiorem
524 2947 598 3001 esse,
615 2935 713 2989 merito
730 2935 810 2988 nobis
825 2932 946 2986 iudicare
965 2932 1074 2986 videtur
1086 2931 1176 2987 Orell.
1199 2931 1258 2982 Hoc

202 2995 426 3066 anantapodoton
447 2997 505 3050 eius
527 3001 633 3070 generis
656 3012 713 3068 est,
737 3011 768 3054 ut
787 3004 815 3053 in
832 2999 990 3052 continuata
1010 2997 1145 3051 sententia
1162 3011 1260 3068 paren·

202 3063 312 3119 theseos
327 3063 424 3135 magis,
441 3079 525 3134 quam
542 3064 608 3116 initii
624 3065 731 3136 periodi
747 3067 817 3120 ratio
833 3066 981 3129 habeatur,
999 3062 1119 3134 indeque
1141 3078 1167 3114 v.
1183 3079 1264 3132 eoque

203 3147 259 3184 nou
275 3127 308 3181 ad
345 3132 447 3180 rovitas
466 3139 494 3182 et
511 3133 638 3192 coaa'tos,
656 3132 705 3185 sed
727 3131 761 3183 ad
778 3131 900 3197 offior'um,
922 3130 998 3201 quod
1014 3130 1131 3201 propius
1147 3139 1203 3194 est,
1229 3127 1265 3181 sit

203 3195 315 3251 referen
337 3213 390 3248 um.
404 3227 437 3238 -
470 3212 523 3245 non
538 3196 574 3245 ad
587 3198 647 3250 bist.
654 3199 744 3266 fidem.
776 3199 864 3252 Multa
880 3197 951 3249 enim
966 3196 1000 3250 de
1016 3214 1049 3249 co
1066 3197 1101 3248 ab
1117 3193 1264 3248 Herodoto

203 3263 284 3317 aliter
299 3277 382 3342 quam
396 3277 412 3313 a
425 3261 606 3331 Xenophonte
619 3275 779 3331 narrantur,
795 3278 887 3334 neque
900 3273 932 3317 ut
946 3262 1101 3333 exemplum
1117 3260 1267 3331 perfeetio-

203 3329 246 3383 nis
262 3343 353 3401 regrae
370 3329 404 3379 ab
422 3327 470 3379 illo
487 3327 701 3386 describitur.-
727 3333 884 3396 Africanus,
900 3328 1149 3399 ScipioAfricanus
1167 3325 1269 3394 minor,

204 3397 237 3449 L.
252 3393 359 3457 Aemilii
371 3393 450 3446 Pauli
465 3393 545 3448 tilius
555 3425 588 3436 -
621 3398 762 3459 moderari,
775 3406 816 3449 est
830 3393 906 3464 quod
922 3413 972 3448 nos
987 3395 1099 3448 dicimus
1114 3394 1270 3450 besonnen.

206 3461 242 3512 V.
257 3463 322 3516 Tac.
344 3464 412 3534 Agr.
428 3462 452 3512 5.
479 3460 589 3528 dtlzgrers
607 3480 639 3513 uc
653 3463 805 3514 moderatus
820 3461 882 3514 duc.
918 3462 961 3514 Cf.
984 3460 1098 3514 Deleri.
1119 3475 1268 3529 synonym.

207 3527 238 3579 P.
253 3542 275 3578 n.
314 3543 395 3596 ‚cop
409 3558 442 3570 -
482 3543 562 3596 eoque
575 3543 611 3581 sc.
630 3528 720 3581 officia
739 3526 874 3598 diligentis
895 3536 922 3579 et
941 3525 1075 3581 moderati
1096 3525 1219 3595 imperii.
1234 3556 1269 3569 -

205 3594 273 3661 prio.
281 3549 339 3661 stu.
357 3609 508 3663 nunquam,
524 3591 625 3663 quippe
640 3610 704 3658 rer,
720 3611 775 3646 non
789 3601 820 3645 ut
835 3591 981 3647 incivitate
997 3592 1271 3660 liberamagistratu

208 3672 237 3710 se
252 3656 438 3712 abdicaturus.
454 3691 488 3702 -
515 3661 556 3710 ito
569 3661 673 3722 datum,
686 3660 813 3713 nimirum
829 3656 864 3710 ad
880 3668 994 3730 tempos.
1008 3693 1040 3703 -
1070 3670 1101 3710 ut
1116 3657 1270 3712 redderent.

209 3723 325 3777 Gesner.
341 3723 470 3781 coniecit:
493 3737 524 3776 ur
540 3726 658 3779 reddant.

277 3822 302 3883 s.
329 3823 369 3884 ot.
410 3821 437 3869 in
456 3837 546 3871 eorum
562 3821 641 3889 imp,
668 3836 740 3892 quae
764 3820 852 3875 minus
874 3831 952 3893 grata
971 3819 1085 3873 auribus
1107 3815 1216 3875 accidit.
1238 3851 1273 3864 -

209 3884 418 3963 antiquissimum
432 3911 464 3933 =
475 3885 588 3940 maxime
602 3885 651 3939 tibi
666 3887 754 3953 cordi,
769 3905 905 3940 summum
918 3898 995 3940 tuum
1011 3883 1141 3938 studium.
1156 3917 1191 3928 -
1227 3889 1277 3957 qui

210 3959 291 3999 matrs
311 3950 452 4016 pecodibus
469 3956 571 4020 praesit
593 3963 645 4009 cst.
683 3956 770 4008 'l'otus
790 3954 870 4006 buius
893 3951 1042 4007 sentcntiae
1063 3951 1142 4004 color
1162 3953 1274 4023 arguit,

210 4013 285 4066 illam
302 4030 316 4066 a
330 4015 523 4086 Xenophonte,
540 4019 616 4074 cuius
632 4019 658 4072 in
673 4019 897 4074 memorabilibus
912 4034 997 4138 ¹(poam
1011 4017 1161 4071 simillimae
1174 4016 1276 4140 lopun·

211 4090 268 4148 tur,
284 4095 342 4133 esse
355 4078 512 4135 desumtam
536 4085 579 4139 Gi.
592 4087 744 4141 memorab.
761 4105 784 4154 r,
797 4085 869 4154 r,3n.
878 4101 910 4136 co
934 4125 940 4138 .
958 4083 1027 4138 Plat.
1036 4098 1095 4154 rep.
1106 4102 1127 4139 r.
1140 4105 1165 4154 p.
1174 4084 1208 4149 34
1229 4086 1274 4141 .lt.
