2768 4866
186 246 257 317 128
335 248 373 313 bi.
389 248 421 311 Τ.
440 242 624 310 CICERONIS
646 242 798 307 ttetswt.
817 243 866 304 AD
888 242 920 316 Q.
940 238 1108 304 FRATREM

187 432 287 500 mium
313 432 348 497 et
378 428 432 497 Ti.
459 426 631 494 Neronem
659 432 695 493 et
725 423 766 494 G.
793 429 831 492 et
857 420 1253 512 1..Antonim‚·t1.tc

188 535 393 604 Putabamus
415 535 509 622 iore,
530 539 566 600 nt
579 533 736 599 Memmio
755 530 912 615 daretur,
933 529 1001 597 etsi
1014 531 1089 595 erat
1101 527 1254 597 Neronis

189 643 275 714 mire
295 639 479 709 eontentio.
522 637 609 720 Quid
631 627 798 725 quaeris?
840 636 952 704 Probe
973 636 1158 724 premitur,
1191 636 1254 701 nisi

191 751 310 815 noster
337 746 517 832 Pompeius
550 745 614 810 diis
646 744 900 830 hominibusque
928 742 1046 809 invitis
1077 734 1253 828 negotium

116 853 151 923 8.
193 854 365 922 everterit.
415 849 597 940 Cognosce
626 869 716 917 nuuc
742 850 884 916 hominis
906 848 1097 935 audaciam,
1126 855 1165 916 et
1191 848 1253 914 ali-

193 960 271 1050 quid
291 962 327 1027 in
347 978 385 1026 re
405 959 539 1046 publica
558 956 691 1044 perdita
711 958 894 1025 delectare.
946 954 1054 1038 Quum
1075 954 1252 1042 Gabinius,

194 1085 391 1158 quecunque
411 1064 592 1147 veniebat,
623 1064 821 1151 triumphum
849 1080 889 1130 se
917 1063 1092 1151 postulare
1113 1060 1254 1127 dixisset

194 1177 369 1261 subitoque
401 1172 508 1237 bonus
538 1171 719 1256 imperator
748 1174 849 1235 nocto
879 1168 914 1234 in
941 1167 1079 1249 urbem,
1112 1164 1254 1232 hostium

194 1283 316 1371 plane,
337 1277 542 1363 invasisset,
563 1278 596 1342 in
616 1280 770 1342 senatum
783 1294 823 1342 se
835 1295 902 1341 non
918 1273 1157 1340 committebat.
1200 1272 1253 1338 In-

196 1388 293 1457 terim
313 1386 387 1473 ipso
404 1383 532 1452 decime
548 1382 624 1472 die,
646 1402 709 1470 quo
731 1400 806 1448 eum
827 1377 1003 1466 opertebat
1023 1377 1174 1443 hostium
1194 1397 1253 1443 nu·

197 1666 251 1704 nus
269 1650 322 1703 hoc
339 1647 468 1704 iudicium
485 1660 631 1722 propterea
648 1650 686 1704 sic
705 1649 839 1721 appellari
854 1647 966 1714 scribit,
987 1646 1053 1721 quia
1067 1647 1127 1702 siue
1146 1645 1257 1702 testibus

197 1731 230 1769 ae
242 1716 344 1769 tabulis
356 1733 429 1770 resa
452 1727 529 1783 atur,
545 1716 609 1771 solis
622 1718 786 1790 argumentis
798 1713 1030 1770 coniecturalibus
1044 1724 1072 1768 et
1088 1712 1172 1768 nudis
1191 1730 1257 1786 prae·

198 1782 388 1839 sumtionibus.
426 1733 460 1836 ὅ.
475 1784 547 1837 Geli.
565 1783 599 1836 tt.
614 1787 646 1847 A.
663 1800 692 1850 n,
707 1785 732 1848 4.
749 1780 842 1854 ibique
859 1783 944 1852 intpp.
967 1809 1000 1821 -
1033 1781 1140 1835 Memor.
1162 1792 1189 1831 et
1212 1779 1256 1832 tit.

199 1848 295 1901 Neron.
332 1851 366 1903 V.
385 1846 419 1902 ad
440 1855 462 1915 ς.
481 1851 517 1903 15.
538 1866 580 1919 ep.
601 1847 725 1902 anteced.
744 1879 776 1890 -
810 1851 837 1903 C.
852 1862 878 1900 et
890 1851 920 1902 t..
935 1849 1081 1908 Antonios,
1104 1847 1211 1900 fratres
1226 1846 1258 1898 bt.

198 1914 311 1969 Antonii
333 1913 486 1981 triumviri,
507 1915 577 1968 filios
597 1915 685 1971 Marci
707 1917 780 1980 eius,
803 1915 852 1994 qui
867 1913 984 1968 factione
1000 1911 1118 1984 Cethegi
1134 1923 1163 1967 et
1181 1912 1260 1984 gratia

200 1981 295 2034 Cottae
315 1980 436 2034 consulis
453 1979 586 2034 infinitum
605 1979 749 2052 imperium
768 1990 851 2046 totius
870 1996 938 2032 orae
956 1977 1109 2031 maritimae
1125 1989 1227 2033 nactus
1241 1994 1261 2030 a.

201 2063 228 2099 u.
244 2047 309 2113 680,
327 2046 446 2100 Siciliam
465 2045 646 2116 depopulatus
663 2056 704 2099 cst
729 2055 756 2098 et
773 2046 800 2098 in
823 2041 992 2116 expeditione
1012 2039 1160 2110 Cretensi,
1178 2061 1196 2097 a
1212 2059 1259 2115 qua

202 2112 328 2167 Creticus
342 2111 514 2181 appellatur,
530 2111 627 2182 periit·
647 2123 761 2181 nepotes
776 2115 814 2166 M.
828 2111 940 2166 Antonii
952 2109 1080 2164 oratoris.
1106 2113 1142 2166 V.
1158 2109 1258 2164 Wetael

202 2178 236 2232 ad
253 2178 311 2230 Cic.
326 2180 405 2230 Brut.
421 2179 462 2246 37.
477 2177 586 2230 Ernest.
603 2178 701 2231 c.Gic.
719 2212 752 2230 .-
775 2178 898 2245 soreut.
925 2176 1189 2295 Zumpt·{·594·-
1224 2177 1261 2227 do·

202 2256 279 2296 retur
291 2243 438 2297 accusatio.
455 2275 488 2287 -
521 2246 590 2295 mira
604 2247 747 2308 eontentio,
764 2261 870 2313 summo
884 2241 975 2297 studio
989 2241 1044 2295 nite
1067 2252 1150 2308 atur,
1167 2253 1199 2296 ut
1211 2242 1263 2312 ipse

203 2317 347 2362 accusator
363 2308 585 2363 constitueretur.
600 2340 633 2352 -
664 2313 795 2378 proncitur
816 2309 959 2363 Gabinius.
977 2339 1010 2351 -
1042 2312 1180 2376 negocium
1197 2323 1262 2361 ever·

204 2379 284 2434 terit,
312 2373 421 2435 irritum
442 2374 555 2443 reddat,
577 2375 685 2441 turbet,
708 2375 856 2430 Gabinium
874 2376 961 2450 gratia
979 2391 1029 2428 sua
1052 2385 1081 2429 et
1103 2375 1264 2430 auctoritate

204 2438 384 2495 defendendo.
419 2443 455 2498 V.
473 2439 508 2494 ad
523 2458 566 2512 ep.
580 2437 708 2512 praeced.
722 2437 745 2510 i.
765 2444 803 2497 15.
820 2451 888 2499 extr.

271 2565 295 2626 s.
311 2575 333 2614 a.
366 2558 557 2638 {erepublica
591 2560 677 2611 ardebo
697 2559 833 2612 detectura.
868 2557 1038 2614 Bilierbech.
1056 2557 1091 2612 ad
1108 2558 1164 2612 bi.
1178 2555 1258 2608 affert

207 2621 241 2678 de
256 2624 325 2697 legg.
344 2642 468 2693 ωιτη
482 2625 561 2676 bona
580 2620 1259 2692 modumdelectoretaddiu.6‚q=ritbeeiscui

204 2690 360 2761 prudentiae
379 2691 456 2742 laude
475 2690 609 2750 delector,
637 2701 668 2744 ut
686 2689 802 2762 probet,
830 2690 881 2744 hoc
924 2707 1015 2762 unque
1032 2691 1098 2745 loeo
1118 2687 1260 2742 ablativum

206 2774 269 2811 cum
295 2756 494 2828 praepositione
513 2755 632 2827 pendere
650 2773 665 2808 a
682 2776 707 2811 v.
726 2755 858 2811 delectari.
899 2706 977 2835 auae
1001 2757 1074 2809 ratio
1095 2754 1200 2808 minime
1220 2747 1263 2803 ad-

207 2821 337 2877 mittenda
358 2821 483 2889 videtur,
509 2838 595 2893 quum
617 2823 746 2875 delectare
764 2823 890 2877 absolute
909 2822 1025 2894 positum
1043 2821 1094 2890 sit,
1120 2817 1265 2893 quodiam

207 2888 348 2942 Manutius
369 2887 447 2956 vidit,
470 2889 519 2960 qui
537 2887 570 2941 ad
592 2889 617 2942 h.
635 2908 661 2942 v.
683 2887 873 2960 explicandum
892 2888 984 2953 addit,
1011 2887 1096 2941 nodio
1115 2895 1226 2942 senatus
1241 2883 1269 2936 in

209 2953 374 3018 Gabinium,
391 2970 484 3007 amore
504 2955 531 3007 in
549 2971 632 3022 inea,
649 2965 676 3008 et
696 2973 738 3008 vv.
754 2957 781 3006 in
795 2972 824 3006 re
837 2956 942 3024 publiea
954 2955 1059 3024 perdite
1074 2952 1149 3007 idem
1166 2951 1270 3006 ualeant

209 3019 303 3090 quod:
320 3020 385 3072 iicet
400 3036 445 3072 res
464 3020 572 3092 publica
587 3020 622 3073 sit
638 3019 752 3091 perdita.
770 3052 803 3064 -
848 3039 1001 3092 quaesoque
1018 3020 1138 3071 veniebat
1163 3015 1269 3073 rediens

209 3103 243 3138 ex
262 3084 410 3156 provincia.
428 3117 461 3129 -
503 3087 649 3156 subitoque,
668 3096 780 3156 praeter
797 3086 1044 3157 exspectationem.
1071 3102 1162 3157 quum
1179 3084 1271 3136 trium·

210 3153 296 3224 phans
312 3151 401 3222 potius
413 3150 587 3220 ingressurus
599 3167 659 3204 esse
672 3151 822 3209 videretur.
838 3186 872 3198 -
900 3154 981 3216 bonus
995 3154 1155 3220 imperetur,
1170 3148 1271 3203 ironice

211 3220 330 3285 dictum3
347 3215 478 3288 siquidem
494 3215 574 3287 periti
589 3218 770 3287 imperatores
786 3229 870 3273 noctu
882 3220 1040 3286 irrumpunt
1051 3217 1079 3269 in
1091 3216 1213 3270 hostiurn
1229 3229 1272 3266 ur·

118 3286 131 3351 ,⁸
211 3288 278 3350 bes,
295 3282 428 3338 Gabinius
444 3298 510 3335 vero
529 3299 562 3335 uc
587 3301 647 3336 uam
665 3283 763 3337 tacitus
778 3295 863 3338 noctu
880 3283 1009 3339 introivit.
1043 3283 1078 3334 V.
1095 3278 1118 3349 ᾗ.
1137 3289 1178 3362 24.
1195 3280 1270 3351 epist.

211 3347 339 3424 praeced.
355 3381 392 3418 .··
424 3348 538 3399 bostiam
554 3299 648 3419 piune,
673 3367 760 3420 quum
778 3353 851 3404 cives
870 3351 897 3403 in
918 3348 1037 3404 hostium
1053 3349 1135 3412 loco,
1160 3360 1272 3418 ipseque

213 3418 251 3471 eis
267 3414 330 3469 odio
350 3424 427 3467 esset.
464 3415 551 3468 Orell.
567 3416 697 3470 coniecit:
716 3417 810 3468 hostib·
821 3417 896 3468 modo
911 3417 1008 3485 plane..
1025 3431 1112 3486 quum
1129 3415 1208 3464 modo
1225 3427 1273 3493 por

212 3478 402 3552 compendium
418 3481 572 3548 scripturae
589 3482 744 3553 saepissime
757 3483 791 3535 sit
804 3492 972 3551 corruptum.
989 3513 1021 3524 -
1054 3482 1197 3531 inuasisset
1211 3477 1273 3549 duxit

214 3548 313 3602 Cicero
332 3564 382 3615 pro
401 3549 555 3610 ἐπινοήσειε,
581 3559 612 3601 ut
632 3549 820 3618 metaphoram
846 3548 1027 3600 continuaret.
1047 3577 1079 3587 —-
1123 3546 1155 3595 in
1176 3562 1230 3598 oen.
1248 3560 1272 3594 se

132 3656 135 3663 .
213 3631 266 3666 nen
282 3614 477 3676 conemittebct,·
494 3613 521 3665 in
537 3625 662 3669 senatum
680 3615 773 3666 venire
790 3631 845 3666 nou
859 3611 978 3666 audebat
992 3611 1040 3679 (ef.
1054 3607 1089 3663 de
1101 3613 1153 3662 bae
1172 3628 1196 3662 u.
1211 3625 1272 3663 eoas·

214 3683 318 3732 noscere
339 3679 533 3753 significatione
550 3681 608 3734 Cic.
629 3697 680 3750 pro
696 3681 774 3733 Rose.
792 3683 854 3732 dm.
873 3680 911 3732 ud.
934 3679 1018 3732 Vorr.
1033 3693 1063 3743 a,
1076 3678 1102 3742 lp.
1126 3674 1206 3729 Sext.
1220 3675 1273 3740 et.)

215 3743 316 3816 quippe
330 3762 432 3807 ⁴exosus
448 3747 569 3813 senatui,
588 3757 735 3816 propterea
753 3743 829 3816 quod
848 3745 947 3799 consul
958 3743 985 3796 in
1003 3741 1136 3796 concione
1155 3740 1275 3794 dixerat:

104 3844 106 3848 ψ
215 3826 307 3862 errore
320 3811 445 3873 hommes,
459 3831 482 3863 m
500 3817 579 3864 etebm
592 3824 648 3865 tuna
663 3825 784 3865 senatum
802 3812 903 3882 ala'quc'd
917 3813 945 3862 in
965 3808 1098 3879 republica
1114 3825 1193 3888 posse
1210 3805 1277 3859 arbi·

215 3886 356 3928 trarcntar
374 3895 425 3948 pro
439 3878 514 3932 Sext.
532 3896 569 3932 ua.
590 3910 622 3922 -
657 3881 712 3958 ipso
731 3879 827 3930 destino
849 3878 907 3938 die,
930 3877 965 3929 ab
982 3874 1097 3927 introitu
1114 3891 1143 3926 in
1160 3873 1276 3936 urbem,

216 3944 233 3996 i.
249 3957 273 3994 e.
294 3942 371 3996 nouis
384 3943 462 4011 Oct.;
486 3962 548 3998 nam
565 3943 687 3998 introivit
705 3959 729 4002 a.
746 3943 773 3996 d.
790 3946 831 4000 IV
848 3942 909 3997 Ital.
923 3942 983 3995 Oct.
1002 3957 1025 3996 v.
1043 3936 1066 4006 ᾖ.
1084 3952 1125 4007 aq.
1141 3955 1192 4019 ep..
1205 3947 1276 3992 aute·

217 4005 276 4063 ced.
312 4008 542 4064 iil-tredecimum
561 4010 632 4064 diem
646 4009 759 4065 differre
769 4026 825 4063 mon
842 4007 931 4081 potuit
948 4007 1113 4060 incenatum
1130 4020 1235 4062 ventre.
1247 4031 1278 4047 ··

218 4092 270 4145 que
282 4091 349 4128 eum.
382 4075 490 4148 Vulgus
505 4088 556 4146 quc
569 4079 662 4146 ipsum.
679 4109 712 4122 -
745 4077 859 4130 bostium
873 4087 1027 4128 semorum·
1039 4101 1073 4116 -
