2768 4866
193 280 217 347 c
256 257 262 265 ’
342 285 376 345 n.
396 285 427 346 r.
449 282 632 346 crcrnoms
653 282 875 348 ruscorum
896 284 928 357 e,
948 285 1116 348 ramam

194 462 373 532 triennium
387 463 457 553 sic,
477 465 515 528 ut
530 462 655 528 nullum
668 466 704 528 te
721 462 875 550 signum,
896 463 989 529 nullu
1005 465 1157 554 pictura,
1183 487 1265 532 nur-

193 571 260 637 lum
281 589 365 659 vas,
392 570 484 636 nulla
504 569 634 653 vestis,
656 569 783 636 nullum
802 571 1017 658 mancipium,
1039 571 1132 637 nulla
1154 571 1266 640 forma

195 677 411 764 cuiusquam,
447 675 541 742 nulla
570 674 714 741 conditio
744 677 908 762 pecuniae
937 712 979 724 —
1009 676 1128 762 quibus
1157 679 1264 745 rebus

195 781 345 848 abundat
363 781 432 848 ista
453 781 627 866 provincia
647 783 752 847 -ab
774 800 901 847 summa
922 783 1121 869 integritate
1147 787 1263 852 conti-

143 933 152 952 .
193 889 374 974 nentiaque
390 887 578 955 deduxerit.
622 885 710 969 Quid
725 892 836 955 autem
856 889 998 976 reperiri
1018 896 1086 955 tam
1101 892 1264 957 eximium

192 1000 251 1063 aut
272 999 339 1062 tam
361 994 586 1082 expetendum
606 998 737 1083 potest,
759 1014 857 1082 quam
872 997 970 1062 istam
985 998 1162 1080 virtutem,
1187 1020 1263 1065 mo-

192 1101 400 1171 derationem
420 1100 539 1190 animi,
561 1102 816 1186 temperantiam
835 1123 902 1170 non
923 1102 1032 1170 latere
1052 1104 1086 1167 in
1107 1105 1263 1172 tenebris

191 1228 302 1296 neque
325 1227 405 1276 csse
426 1207 592 1297 abditam,
614 1206 733 1274 sedin
754 1208 830 1275 luce
850 1208 976 1295 Asiae,
998 1211 1033 1274 in
1054 1209 1159 1274 oculis
1184 1213 1262 1278 cla·

166 1316 348 1382 rissimae
377 1316 570 1403 provinciae
596 1322 698 1402 atque
724 1316 760 1381 in
785 1316 921 1382 auribus
943 1316 1084 1382 omnium
1104 1319 1263 1403 gentium

193 1440 235 1488 ac
255 1424 426 1489 nationum
447 1441 526 1490 esse
547 1413 722 1510 pos1tam‘i
749 1442 815 1489 non
835 1423 1012 1488 itineribus
1033 1423 1100 1487 tuis
1121 1429 1262 1508 perter-

192 1529 260 1595 reri
276 1529 444 1621 homineS,
465 1551 532 1598 non
545 1537 677 1618 sumptu
696 1531 885 1617 exhauriri,
906 1551 973 1596 non
994 1529 1143 1596 adventu
1166 1551 1263 1598 com-

192 1626 350 1701 moveri?
371 1655 470 1721 esse,
485 1657 688 1727 ‚quoeunque
709 1639 866 1725 veneriS,
887 1642 924 1705 et
943 1638 1074 1724 publice
1089 1642 1124 1703 et
1137 1641 1262 1724 priva·

192 1741 251 1807 tim
271 1742 446 1808 maximam
465 1742 647 1810 laetitiam:
677 1765 775 1831 quum
795 1744 876 1810 urbs
897 1742 1087 1829 custodem,
1108 1765 1178 1810 non
1200 1751 1262 1833 ty-

191 1866 350 1934 rannum,
383 1847 498 1914 domus
526 1848 712 1939 hospitem,
741 1870 808 1918 non
837 1848 1055 1938 expilatorem
1082 1854 1263 1939 recepisse

191 1944 377 2025 videatur?
933 1975 935 1978 ·

37 2058 169 2129 111.1o.
271 2062 336 2127 His
359 2063 470 2126 autem
490 2061 526 2126 in
546 2061 648 2129 rebus
668 2062 734 2128 iam
755 2067 790 2130 te
810 2081 891 2129 usus
912 2064 986 2149 ipse
1004 2063 1154 2149 profecto
1176 2083 1260 2132 eru-

193 2166 280 2234 divit
300 2185 509 2252 nequaquam
531 2167 617 2233 satis
639 2187 738 2259 esse,
766 2166 874 2256 ipsum
894 2169 957 2234 has
979 2172 1014 2235 tc
1035 2168 1162 2237 habere
1183 2172 1260 2238 vir-

192 2277 304 2363 tutes,
325 2273 388 2340 sed
409 2292 489 2340 esse
511 2274 841 2362 circumspiciendum
862 2275 1065 2364 diligenter,
1087 2278 1173 2351 utin
1193 2277 1259 2345 hac

191 2379 346 2447 custodia
364 2380 559 2466 provinciae
580 2401 647 2448 non
668 2385 703 2448 te
724 2404 843 2472 unum,
865 2383 928 2450 sed
949 2400 1063 2450 omnes
1084 2385 1257 2452 ministros

189 2486 320 2574 imperii
347 2487 395 2553 tui
421 2487 524 2554 sociis
553 2491 589 2554 et
616 2487 746 2556 civibus
773 2494 810 2555 et
831 2489 883 2555 rei
902 2489 1056 2574 publicae
1076 2495 1256 2576 praestare

189 2592 340 2661 videare.
394 2592 599 2679 Quamquam
619 2593 756 2681 legatos
777 2594 906 2660 habeas
927 2613 1005 2670 eos,
1031 2597 1086 2682 qui
1106 2597 1169 2681 ipsi
1187 2615 1251 2679 per

187 2719 229 2770 se
255 2700 403 2768 habituri
428 2700 499 2770 sint
525 2699 689 2768 rationem
716 2700 895 2790 dignitatis
922 2719 1029 2790 suae3
1062 2703 1103 2770 de
1129 2700 1248 2787 quibus

189 2811 315 2877 honore
343 2813 380 2876 et
409 2809 576 2901 dignitate
605 2813 640 2876 ct
660 2813 775 2877 aetate
795 2812 949 2897 praestat
964 2808 1121 2904 Tubero,
1153 2827 1253 2895 quem

188 2930 261 3011 uuae
278 2949 339 2994 erat
354 2956 439 3011 penes
459 2941 665 3011 provinciarum
684 2937 833 3011 praesides.
847 2971 881 2984 -
915 2939 990 2990 nulla
1011 2943 1091 2991 uestis
1112 2939 1254 3009 stragula,

186 3005 371 3079 peristroma,
388 3005 532 3077 inquibus
551 3023 665 3079 maguus
680 3017 793 3059 ornatus
813 3005 994 3058 tricliniorum
1012 3004 1072 3059 fuit.
1086 3037 1118 3047 -
1141 3005 1254 3072 formu,

186 3069 365 3144 pulchritudo
378 3074 532 3142 retorquam
544 3072 758 3141 mancipiorum,
774 3071 820 3123 vel
833 3072 971 3136 mulieris,
990 3071 1032 3124 vel
1045 3071 1254 3124 adolescentuli.

186 3169 219 3181 -
236 3138 312 3189 nulla
328 3139 442 3191 conditio
461 3150 519 3191 est:
543 3137 689 3208 promissio
723 3140 827 3188 ecum'ae
844 3136 969 3206 quamvis
990 3152 1102 3208 magnae
1124 3135 1159 3189 ad
1181 3137 1255 3192 obti-

185 3204 309 3259 nendum
327 3202 430 3274 aliquid
448 3203 620 3270 cernulus,
641 3203 681 3256 uti
697 3155 806 3257 iirnert.
823 3202 1031 3272 interpretatur.

252 3268 276 3341 ᾗ.
291 3289 317 3344 9.
351 3271 378 3320 in
393 3270 510 3323 luceAs.
525 3270 598 3323 :ln
613 3279 763 3341 conspectu
778 3268 872 3335 Asiae,
889 3268 990 3341 palam.
1016 3272 1071 3322 Fre
1094 3267 1253 3323 uentissime

185 3335 214 3394 lr.
225 3356 252 3393 r.
269 3339 358 3393 utitur
371 3335 469 3390 Cicero
475 3355 483 3404 3
507 3337 542 3391 cl.
558 3332 744 3402 dershouet.
770 3337 852 3388 Tusc.
868 3352 901 3402 a,
915 3338 954 3388 ao.
981 3337 1061 3389 Brut.
1073 3285 1102 3389 (i.
1126 3336 1253 3407 Harusp.

183 3417 259 3473 resp.
276 3406 317 3460 23,
336 3435 367 3446 -
397 3405 515 3472 poectum
531 3428 563 3452 =
579 3401 767 3474 propositam,
790 3417 822 3454 ex
844 3401 962 3455 licatam.
978 3433 1011 3446 -
1049 3403 1253 3455 comitiatum

181 3472 333 3536 perterreri
344 3470 412 3522 hom.
446 3469 631 3522 Proconsules
649 3478 696 3521 aut
714 3485 811 3521 eorum
824 3419 927 3538 legati,
944 3484 1030 3538 quum
1050 3465 1084 3520 ad
1099 3464 1253 3522 audiendas

185 3531 350 3588 dirimendas
373 3533 486 3588 uelites
528 3536 710 3605 uerelasque‚
738 3531 771 3585 ud
791 3550 823 3586 ea
842 3531 1019 3586 examinanda
1035 3543 1063 3587 et
1081 3531 1252 3604 ordinanda,

185 3614 258 3678 quae
275 3598 310 3652 ad
328 3619 367 3672 pu
388 3602 468 3655 licam
487 3551 604 3654 silutem
622 3599 813 3672 pertinerent,
838 3599 940 3652 aliasve
961 3599 997 3653 ob
1020 3616 1117 3653 causes
1136 3599 1252 3670 provin-

185 3680 243 3718 ciae
258 3681 324 3719 errae
338 3666 425 3722 urbes
442 3666 565 3735 adirent,
590 3667 679 3721 socios
697 3684 765 3738 pop.
780 3666 859 3719 Rom.
875 3662 999 3739 diripere
1016 3679 1100 3738 atque
1124 3667 1250 3736 expilare

184 3730 245 3784 lere
259 3730 394 3786 solebant.
428 3735 470 3788 Cs.
491 3735 562 3788 infra
581 3731 604 3800 h.
619 3734 667 3787 252
691 3734 740 3785 illa
755 3735 879 3784 ttr'nerum
897 3747 975 3806 utque
991 3749 1121 3802 agrorum
1142 3771 1190 3787 ...
1210 3733 1250 3782 Ia-

185 3797 301 3849 tractata
317 3800 407 3850 ested
436 3802 504 3855 ulcu.
534 3800 602 3854 Plin.
619 3800 776 3872 Peregre.
796 3833 828 3843 -
863 3817 915 3852 aon
937 3801 1051 3851 adventu
1074 3813 1166 3851 comm.
1203 3798 1249 3852 Gf.

187 3861 245 3916 Cic.
262 3864 385 3935 proleg.
430 3881 474 3918 an.
489 3869 513 3921 5.
530 3867 564 3921 ad
580 3871 636 3922 Att.
652 3867 682 3936 5,
702 3865 785 3920 ru-
819 3867 902 3927 urbs,
926 3881 1008 3936 quam
1025 3861 1175 3929 advenisti,
1202 3864 1249 3914 do-

184 3945 259 3990 mus,
306 3945 356 3982 uae
372 3939 399 3982 te
416 3933 531 4003 excepit.

251 3946 304 4049 lllq.
322 3989 347 4062 ς.
364 4012 402 4048 ιο.
434 3997 482 4046 tas
498 4010 525 4050 te
547 3995 622 4052 dedit
644 3999 732 4053 Orell.
755 4014 808 4069 pro
830 3997 903 4066 vulg.
926 3996 1011 4049 hasce.
1030 4025 1063 4037 -
1103 4008 1247 4062 praestare

184 4058 305 4134 aliquem
321 4070 362 4116 est
376 4058 508 4132 praedem
525 4079 586 4119 esse
624 4081 657 4117 ro
675 4064 769 4134 aliquo
802 4059 959 4133 periculum
996 4057 1052 4114 uod
1066 4076 1100 4113 ex
1119 4077 1152 4114 eo
1169 4060 1247 4114 time-

184 4135 251 4196 tur,
266 4125 294 4182 in
307 4142 337 4182 se
350 4125 483 4198 recipere.
498 4160 529 4172 -
567 4082 673 4183 Tuicro.
696 4130 729 4182 1..
738 4129 779 4184 he
791 4126 832 4182 ‘us
846 4125 960 4181 Tubero
974 4141 990 4182 u
1024 4125 1135 4183 ineunte
1153 4136 1244 4181 aetate
