2768 4866
541 271 602 331 LlB.
623 272 641 330 l.
684 271 734 330 ΕΡ.
757 271 775 330 l.
1150 268 1185 333 li

132 467 256 516 merum
269 449 414 515 libenter
430 445 631 513 adscribito:
653 446 706 512 sin
726 451 835 513 autem
855 447 890 512 id
911 467 977 514 non
991 444 1190 534 perspicies,

131 556 256 622 nullum
284 575 396 643 genus
429 555 493 620 erit
520 554 556 618 in
585 553 810 619 familiaritate
842 553 1027 621 cavendum
1056 555 1192 642 magis:

131 667 312 749 propterea
332 660 419 747 quod
441 664 476 726 et
496 678 609 725 omnes
627 660 704 726 vias
720 659 885 745 pecuniae
900 665 1019 725 norunt
1034 664 1069 725 et
1084 659 1193 725 omnia

132 771 295 857 pecuniae
310 787 411 835 causa
425 767 552 834 iaciunt
566 774 618 856 et,
641 764 770 851 quicum
784 763 906 829 victuri
920 783 986 855 non
1000 767 1096 852 sunt,
1119 764 1192 829 eius
1304 838 1311 855 x

131 876 372 945 existimationi
404 874 580 941 consulere
610 892 679 938 non
712 876 840 937 curant.
897 872 1010 956 Atque
1040 871 1140 936 ctiam
1172 887 1192 936 e
1234 861 1287 930 16.

133 980 276 1048 Graecis
304 981 387 1067 ipsis
409 979 593 1066 diligenter
616 976 788 1044 cavendae
810 978 889 1070 sunt
910 973 1073 1061 quaedam
1095 975 1193 1040 iami-

132 1089 319 1177 liaritates,
347 1091 484 1173 practer
512 1087 675 1151 hominum
695 1103 955 1171 perpaucorum,
987 1082 1018 1147 si
1040 1082 1195 1167 quisunt

134 1200 254 1262 vetere
271 1193 415 1260 Graecia
432 1193 539 1280 digni.
558 1214 561 1218 ⁸
580 1191 640 1260 Sic
660 1209 761 1277 vero,
782 1191 924 1257 fallaces
946 1193 1025 1254 sunt
1039 1187 1197 1275 permulti

133 1306 170 1368 ct
189 1303 285 1367 leves
307 1305 343 1368 et
364 1300 519 1366 diuturna
539 1300 704 1366 servitute
726 1296 769 1362 ad
783 1298 914 1361 nimiam
934 1296 1196 1362 assentationem

133 1407 264 1474 eruditi.
309 1407 402 1490 Quos
424 1425 491 1493 ego
511 1406 689 1470 universos
711 1402 862 1468 adhiberi
882 1403 1083 1490 liberaliter,
1105 1401 1194 1487 opti-

132 1535 220 1580 mum
241 1531 403 1599 quemque
424 1511 568 1597 hospitio
588 1509 799 1594 amicitiaque
821 1509 979 1595 coniungi
1000 1509 1072 1574 dico
1095 1527 1195 1593 opor-

133 1623 229 1684 tere:
268 1619 391 1683 nimiae
422 1616 668 1682 familiaritates
701 1634 811 1681 eorum
842 1631 951 1699 neque
979 1617 1046 1678 tam
1076 1613 1195 1680 fideles

133 1729 237 1811 sunt5.
252 1760 293 1771 -
322 1743 389 1789 non
411 1725 497 1789 enim
520 1723 645 1809 audent
665 1723 842 1789 adversari
863 1722 987 1788 nostris
1007 1720 1194 1787 voluntati-

135 1828 197 1893 bus
225 1864 267 1875 —
295 1832 330 1894 et
351 1824 476 1918 [vero]
504 1826 657 1896 invident
676 1847 742 1892 non
770 1827 894 1892 nostris
922 1826 1048 1912 solum,
1077 1842 1195 1890 verum

132 1934 232 2000 etiam
255 1933 337 1999 suis.

216 2042 308 2128 Iam,
326 2039 429 2126 quiin
445 2036 608 2104 eiusmodi
624 2040 743 2128 rebus,
762 2040 796 2106 in
813 2040 931 2127 quibus
945 2057 1069 2108 vereor
1083 2038 1195 2125 etiam,
1220 2033 1277 2097 vl.
1297 2032 1350 2098 17.

85 2172 88 2177 ·
132 2165 176 2213 ne
198 2146 311 2212 durior
332 2147 416 2230 sim,
444 2149 563 2211 cautus
585 2163 665 2211 csse
685 2146 787 2212 velim
808 2165 849 2211 ac
871 2145 1037 2235 diligens,
1060 2163 1123 2230 quo
1143 2161 1196 2208 me

132 2253 242 2319 animo
264 2254 299 2318 in
319 2253 431 2319 servis
454 2270 533 2317 esse
550 2243 703 2318 censes?
724 2273 807 2340 quos
824 2252 955 2338 quidem
973 2271 1071 2338 quum
1087 2250 1195 2316 omni-

132 2358 196 2425 bus
217 2360 253 2425 in
272 2359 377 2447 lociS,
398 2362 467 2423 tum
486 2359 666 2444 praecipue
687 2359 722 2424 in
742 2359 927 2445 provinciis
948 2357 1195 2446 regeredebe-

131 2544 189 2593 viar
201 2543 327 2610 pecuniae
341 2558 379 2622 sc.
396 2541 588 2610 quaerendae,
599 2541 788 2624 colligendae,
802 2544 895 2625 §Nego
910 2541 1107 2622 undOScblicbe
1122 2546 1194 2599 Geld

131 2607 675 2745 latitantilitlitlnt‘ttnzt
707 2621 804 2662 '’ww''
820 2628 872 2662 '‘⁰'‘
889 2622 952 2661 “m
965 2629 981 2665 ¹·
995 2627 1019 2665 θ’
1040 2627 1090 2680 ¹¹²*
1108 2612 1195 2666 m

198 2750 222 2819 ᾗ.
248 2753 288 2806 16.
339 2757 448 2808 uaedam
476 2758 548 2812 amr'l.
581 2760 618 2811 V.
658 2758 768 2809 uaedam
790 2755 938 2810 delendum
958 2756 1064 2810 censuit
1084 2757 1194 2810 Ernest.

133 2816 291 2896 delevitque
329 2822 419 2876 chiitc.
478 2832 535 2876 ecte
553 2773 674 2877 defenita
689 2822 858 2893 Bentivogl.‚
882 2824 947 2893 qui,
968 2823 1138 2895 »significan
1156 2823 1195 2875 in-

133 2893 209 2954 quit,
227 2887 392 2954 quorundam
405 2887 771 2955 bcminarmsarnr'lrbritetecc
779 2908 792 2952 ;
811 2890 855 2942 vel
868 2889 1020 2958 interprete
1036 2889 1138 2942 Orell.:
1147 2888 1192 2956 sa·

133 2949 304 3002 miizbrztares
318 2954 380 3004 illae
387 2991 397 3014 ,
417 2972 482 3024 qaas
489 2992 499 3016 ,
514 2957 588 3007 euius
601 2960 707 3022 generis
720 2957 791 3014 εἰπε,
810 2958 904 3023 optime
917 2958 1010 3006 nostia
1020 2989 1050 2998 -
1076 2957 1119 3006 Sic
1132 2973 1195 3005 aero

132 3041 166 3065 =
183 3026 214 3069 ut
229 3035 303 3069 nnnc
320 3035 366 3071 res
383 3029 432 3072 est.
466 3020 507 3072 lta
526 3021 617 3072 locum
636 3031 712 3074 recte
732 3019 875 3091 explicavit
891 3023 999 3077 Manat.
1033 3022 1075 3075 Cf.
1090 3020 1123 3072 ad
1142 3020 1213 3073 dive*

132 3083 173 3149 13,
182 3099 216 3151 70
230 3082 288 3138 init.
306 3084 423 3156 Absque
437 3083 535 3139 idonea
548 3103 628 3139 causa
638 3085 762 3140 Lambin.
777 3088 817 3136 εἰη
832 3104 905 3148 cero,
918 3087 1065 3141 ctSchiitz.
1080 3097 1194 3140 auctore

130 3147 258 3201 Ernestio
275 3168 423 3204 annovera
441 3152 564 3206 coniecit.
580 3186 613 3197 -
652 3154 752 3204 eruditi
770 3177 802 3201 =
822 3151 952 3220 instituti,
969 3152 1059 3223 periti.
1075 3185 1108 3195 -
1150 3153 1195 3202 ad-

130 3213 216 3265 biberi
228 3214 385 3279 liberaliter,
401 3218 515 3271 trectari
532 3218 646 3273 comiter
663 3228 691 3271 et
705 3219 830 3271 humane.
840 3247 873 3259 -
907 3222 1033 3287 coozungi
1046 3229 1196 3272 sc.tccum.

130 3308 164 3320 -
187 3291 242 3331 tam
255 3283 350 3348 fideles
367 3296 431 3335 sunt
453 3301 492 3336 sc.
515 3301 599 3357 quam
623 3301 681 3338 csse
701 3283 844 3338 deberent.
878 3284 986 3338 Ernest.
1011 3285 1111 3354 suspic.
1131 3287 1192 3337 abac.

130 3342 261 3397 Schiitzio
276 3347 411 3402 immerito
425 3349 515 3404 oratio
530 3367 625 3404 manca
640 3349 787 3404 videbatur
803 3361 831 3404 et
846 3360 907 3421 post
914 3349 1007 3417 famil.
1023 3366 1113 3400 eoram
1129 3367 1161 3402 su
1183 3379 1193 3389 ·

130 3407 264 3489 plendum
279 3416 406 3466 cavendae
436 3418 496 3471 uod
512 3449 543 3458 -
576 3418 678 3468 adoeru.
694 3428 778 3472 nostr.
794 3416 983 3468 uoluntatibus.
1009 3412 1090 3490 Quod
1106 3367 1193 3468 fideiis

130 3475 1194 3555 ammmmhmommwmffimwrwmmw‚wmmmmmdffi

128 3539 167 3592 ob
183 3556 293 3593 nimium
310 3547 518 3600 assentationem
530 3567 587 3602 non
603 3547 714 3603 audent.
729 3580 761 3590 -
796 3561 822 3600 et
840 3545 943 3624 [vero]
959 3547 1081 3601 invident.
1116 3550 1192 3600 Part,

128 3623 210 3669 ⁹⁶7⁰,
228 3623 312 3678 quam
327 3613 465 3687 superiori
481 3632 560 3684 neqve
575 3616 746 3686 respondere
762 3614 799 3669 ait
816 3617 913 3677 Face,
931 3628 1017 3682 quum
1034 3612 1137 3668 incerta
1154 3614 1193 3666 ni-

127 3680 206 3726 tatur
227 3683 408 3740 auctoritate,
431 3678 507 3732 uncie
526 3680 635 3735 inclusit
654 3682 742 3735 Orell.
764 3714 795 3723 -
821 3683 873 3733 elle
894 3687 979 3748 partt.
998 3695 1078 3750 neque
1097 3721 1104 3736 .
1120 3721 1148 3735 ..
1168 3693 1193 3732 et

128 3756 153 3792 v.
171 3739 283 3793 Ramsh.
298 3738 321 3808 b.
338 3758 385 3813 ²79
399 3745 438 3807 Β,
452 3742 489 3810 b,
503 3754 560 3800 not.
573 3766 595 3802 r.
609 3779 641 3789 -
674 3750 792 3808 nostrat,
808 3745 947 3798 Romanis.

130 3896 137 3910 ·
195 3827 245 3890 VI.
262 3830 285 3900 §.
304 3853 342 3906 17.
378 3835 487 3897 darzbr,
505 3834 660 3906 difficilior,
676 3839 809 3893 severior.
827 3871 859 3882 -
893 3839 919 3888 in
941 3840 1024 3888 ceroci
1044 3836 1190 3909 significat:

128 3914 157 3950 m
173 3913 207 3952 eo
226 3897 303 3971 quod
326 3898 360 3953 ad
381 3916 477 3955 servos
500 3901 615 3972 attinet,
641 3919 697 3956 non
717 3922 784 3972 erga
805 3921 903 3958 seruos.
948 3903 1019 3956 Hinc
1044 3905 1191 3958 reiicienda

127 3960 210 4044 lectio
224 3967 298 4038 vulg.
316 3969 343 4019 in
358 3984 468 4032 scroos;
493 3967 592 4023 Cicero
610 3966 702 4022 dicere
720 3987 775 4023 non
791 3970 866 4036 vult,
883 3969 1025 4043 quomodo
1040 3969 1075 4026 sit
1093 3972 1190 4024 anima·

125 4037 171 4084 tue
186 4048 213 4082 m
227 4049 331 4094 amos,
350 4031 399 4088 scd
437 4051 487 4088 uac
502 4035 537 4089 sit
550 4053 601 4090 sua
615 4036 750 4090 sententia
765 4037 796 4089 de
810 4041 900 4092 serari.
929 4037 971 4092 Cf.
987 4037 1054 4093 Sall.
1072 4038 1131 4092 Cat.
1148 4036 1190 4101 51,

125 4093 167 4150 35.
186 4097 251 4152 coll.
268 4099 346 4155 Gort.
364 4097 399 4154 ad
415 4049 483 4156 gall.
505 4102 566 4178 Cat.
579 4103 626 4170 51,
645 4102 684 4158 15.
717 4103 770 4157 Cic.
796 4101 831 4158 ad
849 4102 909 4159 Die.
927 4120 958 4171 a,
976 4106 1016 4171 ¹4·
1037 4107 1067 4158 la
1083 4103 1132 4156 bae
1148 4102 1190 4152 bo·
