2768 4866
528 243 591 306 ΗΒ.
610 243 631 313 l.
673 243 724 305 ΕΡ.
746 244 765 305 l.
1148 235 1196 308 2³

86 453 89 457 ’
128 428 262 497 accidet
277 430 312 496 in
330 426 454 494 ultimis
476 424 597 512 terrie,
630 440 728 508 quum
748 422 908 497 audierim
927 423 963 488 in
984 421 1086 489 ltalia
1107 440 1194 510 que*

128 536 220 603 relus
242 535 376 603 civium..
417 533 484 598 llio
505 531 610 598 teitu
630 529 784 615 verstri,
812 534 849 595 ut
869 534 904 596 et
925 528 1112 616 publicanis
1133 549 1193 597 su-

128 641 298 726 tisfacies,
325 637 525 726 praesertim
544 635 687 724 publicis
708 637 797 703 mule
816 635 997 723 redemtis,
1023 642 1060 706 et
1080 639 1193 705 socios

125 746 239 834 perire
252 765 321 812 non
334 744 441 829 sinus,
463 740 599 810 divinae
613 742 785 813 cuiusdam
797 745 933 812 virtutis
952 763 1032 815 esse
1049 745 1194 836 videtur,

126 853 161 923 id
183 856 258 941 est,
280 857 371 917 tune.
419 851 473 915 Ao
492 849 633 935 primum
653 847 815 938 Graecis,
843 850 879 916 id
900 850 986 936 quod
1008 853 1192 921 acerbissi-

128 981 215 1026 mum
237 962 309 1043 est,
331 956 419 1043 quod
434 960 514 1022 sunt
529 955 741 1044 vectigales,
762 976 828 1023 non
846 957 896 1023 itu
912 956 1070 1027 acerbum
1086 959 1194 1028 uideri

128 1066 250 1153 debet,
271 1066 452 1151 propterea
474 1060 563 1149 quod
583 1064 658 1129 sine
679 1064 817 1152 imperio
838 1064 952 1152 populi
965 1065 1107 1131 Romani
1122 1068 1194 1132 suis
1259 1094 1263 1101 ·

128 1171 293 1238 institutis
313 1187 435 1257 perse
456 1169 522 1256 ipsi
541 1169 590 1239 ita
609 1168 753 1237 inerunt.
795 1169 929 1239 Nomen
951 1175 1064 1241 autern
1080 1173 1193 1259 publi·

129 1279 207 1346 oeni
227 1279 400 1365 aspernari
421 1296 491 1344 non
512 1281 676 1364 possunt,
707 1278 762 1364 qui
783 1277 935 1363 pendere*
951 1279 1018 1365 ipsi
1039 1280 1194 1367 vectigul

128 1387 203 1453 sine
223 1385 401 1474 publicano
422 1403 489 1451 non
504 1386 706 1470 potuerunt,
727 1381 817 1467 quod
831 1383 872 1448 iis
890 1385 1077 1470 acqualiter
1092 1385 1193 1457 Sulla
1237 1446 1240 1450 .

127 1493 368 1580 descripserat.
422 1490 502 1554 Non
529 1506 609 1555 esse
639 1492 750 1554 autern
779 1488 927 1557 leniores
954 1492 988 1556 in
1009 1491 1192 1579 exigendis

126 1599 356 1686 vectigalibus
378 1596 531 1663 Graecos
552 1614 648 1683 quam
666 1598 804 1661 nostros
820 1594 1019 1681 publicanos
1039 1598 1116 1675 hinc
1135 1601 1191 1667 in-

126 1705 241 1792 telligi
260 1708 394 1791 potest,
416 1703 505 1790 quod
526 1701 647 1769 Caunii
667 1722 774 1789 nuper
795 1721 977 1790 omnesque
998 1705 1192 1794 exinsulis,

128 1828 214 1897 quoe
241 1813 340 1876 erant
366 1809 421 1876 ab
437 1809 538 1876 Sulla
563 1807 705 1876 Rhodiis
734 1809 937 1896 attributae,
965 1811 1194 1898 confugerunt

128 1914 173 1984 ad
202 1919 380 2000 senatum,
412 1912 510 1980 nobis
537 1917 574 1978 ut
601 1916 712 2000 potius
739 1917 894 2004 vectigal
920 1933 1020 2004 uuam
1048 1917 1193 1986 Rhodiis

126 2019 325 2108 penderent.
376 2018 488 2102 Quare
518 2036 640 2085 nomen
671 2022 852 2109 publicani·
870 2042 986 2111 neque,
1010 2025 1035 2091 ii
1067 2023 1193 2093 debent

127 2128 283 2216 horrere,
315 2126 371 2212 qui
391 2143 525 2212 semper
544 2126 737 2214 vectigales
757 2129 911 2219 fuerunt3
941 2147 1053 2217 neque
1079 2131 1102 2196 ii
1129 2148 1191 2199 us·

125 2235 281 2322 pernati,
310 2234 364 2320 qui
392 2253 454 2319 per
481 2251 520 2299 se
547 2233 699 2321 pendere
727 2232 879 2323 vectigal
900 2252 969 2309 non
989 2238 1191 2327 potuerunt,

126 2361 237 2427 neque
259 2343 282 2406 ii
302 2360 479 2428 recusare,
507 2341 562 2428 qui
589 2340 857 2428 postulaverunt.
901 2339 1019 2430 ¹Simul
1045 2347 1082 2408 et
1106 2341 1190 2410 illud
1230 2327 1293 2396 34·

125 2501 308 2569 a,16,1.-
343 2500 560 2579 ultt'mr'sfierrr's)
584 2502 609 2554 lr.
623 2502 642 2556 l.
659 2499 731 2555 idem
750 2499 840 2573 quod:
856 2500 1100 2555 remotissimis-
1138 2504 1191 2564 Hie
1229 2542 1231 2547 ·
1315 2532 1319 2541 ·

126 2595 159 2619 =
174 2569 202 2622 in
218 2569 270 2621 bae
286 2583 384 2635 eausa,
404 2568 452 2621 bac
469 2584 564 2621 rerum
580 2569 750 2634 conditione,
776 2578 805 2621 ut
824 2568 924 2622 Graec.
945 2568 1066 2625 acrama.
1082 2603 1116 2614 -
1149 2573 1190 2627 ite

126 2651 230 2686 versum
244 2661 276 2682 =
293 2633 374 2687 itate
393 2649 501 2705 gerere.
517 2667 549 2678 -
600 2635 692 2689 ublr'cr's
709 2635 777 2686 male
794 2633 918 2685 redemtis
938 2633 953 2688 i.
970 2651 992 2687 e.
1011 2634 1189 2707 vectigalibus

126 2701 241 2754 nimium
256 2699 520 2771 maguocouductis.
550 2699 857 2770 G.adAtt.1‚17,9·
891 2699 968 2755 Suet.
983 2701 1034 2755 Iul.
1049 2718 1095 2753 so:
1114 2703 1191 2753 sl'u·

127 2766 251 2819 blicauos
271 2763 457 2819 remissionem
478 2776 621 2837 petentes,
651 2766 734 2821 tertia
755 2763 915 2825 mercedum
936 2777 1017 2837 parte
1039 2767 1189 2820 relevavit:

128 2848 161 2884 ao
184 2847 219 2883 no
242 2834 269 2884 iu
293 2831 428 2885 locatione
448 2848 585 2894 uovorum
604 2833 776 2906 vectigalium
794 2829 999 2886 immoderatius
1021 2833 1189 2900 dicerentur,

128 2897 273 2969 propalam
291 2897 424 2953 monuit«
448 2932 481 2942 -
522 2898 656 2951 Publr'cui
683 2916 705 2952 e.
723 2896 880 2969 vectigalia,
905 2914 978 2970 quae
995 2915 1010 2951 a
1026 2898 1189 2963 censoribus

128 2962 284 3035 publicanis
306 2961 473 3017 licitantibus
492 2964 666 3025 locabantur,
685 2997 719 3009 --
761 2965 849 3034 perire
872 2962 953 3017 nimia
975 2964 1189 3037 publicanorum

126 3028 293 3084 avaritia-
328 3030 357 3080 nt
370 3042 424 3093 ert,
443 3042 514 3084 tuae.
549 3031 637 3085 Orell.
658 3028 692 3083 ad
710 3031 736 3085 h.
752 3030 770 3082 l.
795 3028 875 3082 dicit:
893 3029 1105 3086 »Urbanissima
1120 3031 1188 3084 hace

128 3095 225 3151 vocab.
242 3095 343 3148 delevit
358 3095 477 3163 Schirtz,
497 3098 571 3151 uncis
587 3096 685 3152 inolus.
700 3095 846 3161 Matthiae,
865 3098 944 3152 Bent.
963 3099 1049 3151 Recte
1067 3097 1189 3153 defendit

126 3165 232 3217 Censor
248 3161 399 3218 lenensis«
424 3163 467 3217 cf.
480 3179 552 3233 quae
566 3162 601 3214 de
618 3163 645 3218 b.
662 3182 705 3217 vv.
717 3162 771 3214 dixi
787 3160 821 3214 ad
838 3163 934 3238 QCic.
952 3162 986 3216 de
998 3165 1057 3219 Pet.
1073 3164 1188 3216 Consul.

126 3235 150 3298 s.
170 3230 203 3282 65
220 3246 249 3299 p.
264 3246 306 3297 7¹·
322 3257 353 3269 -
383 3245 435 3297 per
442 3238 476 3292 'ee
490 3231 544 3298 r'pst
555 3231 594 3280 ita
593 3229 678 3348 1perer.
698 3229 714 3283 i.
730 3245 752 3283 e.
770 3246 858 3300 quum
872 3226 954 3283 liberi
969 3240 997 3284 et
1011 3228 1067 3282 suis
1080 3227 1189 3301 legibus

126 3303 235 3347 utentes
254 3291 373 3347 nondum
389 3293 442 3346 sub
459 3293 576 3364 imperio
619 3313 673 3348 om.
690 3305 795 3362 essent,
813 3293 839 3345 hi
854 3295 947 3348 Asiani
961 3305 1122 3349 nostrorum
1139 3311 1190 3364 pu·

126 3358 301 3413 blicanorurn
324 3358 424 3413 similes
448 3376 479 3412 er
500 3377 550 3413 sua
569 3371 649 3432 gente
674 3360 806 3414 habuere.
827 3391 860 3402 -
893 3363 948 3413 erne
964 3361 1108 3432 publicano
1128 3358 1145 3416 i
1165 3376 1189 3414 e.

126 3425 186 3480 sine
200 3424 413 3505 publicanorum
426 3425 536 3481 auxilio.
550 3459 584 3470 -
611 3427 769 3499 aequaliter,
783 3425 810 3478 iu
823 3425 923 3498 capita,
940 3430 998 3498 quo
1012 3423 1118 3478 facilins
1131 3426 1189 3481 sine
1271 3437 1273 3440 ’

148 3490 277 3544 ublrcano
291 3489 359 3561 exigi
394 3508 455 3544 osse
471 3490 624 3551 videbatur.
637 3526 671 3537 -
703 3493 780 3545 Sulla
793 3492 982 3562 descripserat,
1001 3489 1188 3547 distribuerat.

125 3511 232 3630 lliginti
248 3554 334 3631 millia
351 3509 517 3610 talentorum
535 3558 650 3614 Graecis
665 3548 804 3625 Asiaticis,
844 3568 976 3630 ropterea
991 3552 1067 3628 quod
1083 3557 1189 3613 Mithri·

126 3622 217 3678 dacem
235 3620 336 3674 auxilio
352 3620 496 3688 iuverant,
513 3624 620 3678 Sullam
635 3625 801 3695 imperasse,
818 3576 880 3678 illos
896 3624 967 3676 banc
980 3622 1123 3694 pecuniam
1141 3624 1189 3677 im·

126 3688 212 3742 mensi
226 3688 344 3740 foenore
357 3696 497 3740 mutuatos
512 3705 571 3743 esse
586 3707 601 3742 a
617 3690 673 3744 suis
687 3689 858 3761 publicanis,
876 3690 924 3760 qui
938 3688 991 3743 boc
1006 3689 1121 3760 vectigal
1135 3692 1189 3744 exi·

126 3764 237 3827 gerent,
256 3753 396 3806 Plutarch.
413 3763 510 3806 narrat
526 3753 553 3807 in
566 3756 675 3809 Lucull.
692 3773 715 3813 c.
729 3773 769 3810 ro.
786 3788 819 3798 -
853 3757 963 3818 Ouem'i,
978 3755 1085 3809 incolae
1099 3756 1187 3810 Cauni

127 3820 223 3892 oppidi
241 3818 368 3873 maritimi
381 3819 410 3872 in
427 3818 517 3875 carta.
547 3839 571 3878 v.
588 3822 658 3875 Pliu.
673 3820 786 3890 h.n.5‚
801 3821 887 3876 all-
916 3823 1026 3874 ‘Rhodiis
1040 3823 1188 3875 attributae

129 3912 161 3936 =
175 3905 237 3940 cum
252 3885 424 3939 Rhodiorum
439 3885 547 3939 civitate
559 3886 598 3946 ita
609 3887 731 3954 iunctae,
745 3897 776 3940 ut
790 3886 845 3941 illis
858 3888 970 3961 vectigal
981 3887 1145 3960 penderent.
1155 3920 1187 3930 —-

128 3953 214 4016 nodab,
236 3953 339 4008 nostris
374 3951 516 4008 ublicanis.
533 3984 564 3993 -
598 3955 645 4023 qui
662 3969 761 4021 seraper
781 3954 1048 4024 vectigaleasueruut
1066 3979 1099 4002 =
1121 3956 1186 4026 qui,

127 4018 207 4072 etiam
238 4035 325 4089 quum
345 4019 426 4073 liberi
447 4027 555 4082 essent,
579 4017 694 4091 vectigal
709 4017 877 4090 pendebant.
891 4049 923 4060 -
970 4037 1018 4090 per
1035 4039 1062 4071 se
1078 4046 1111 4070 ι·-
1128 4019 1186 4074 sinc

124 4085 339 4158 publicanorum
352 4084 462 4144 auxilio.
472 4116 504 4130 -
531 4086 735 4156 postulauerunt
749 4095 858 4141 nostros
871 4085 1035 4159 publicanos
1049 4102 1065 4140 a
1078 4095 1184 4140 senatu.
