2768 4866
94 447 154 517 Vl.
172 448 228 519 19.

270 264 341 337 ran
424 232 465 331 u
474 268 506 329 τ.
527 264 711 330 crunnoms
731 263 886 328 unsrun.
907 265 956 326 no
977 265 1009 338 o.
1030 264 1199 328 umorum

354 449 462 534 Quum
483 449 697 535 scripsissem
717 412 948 538 baccinum,
969 466 1056 535 quae
1075 456 1155 517 sunt
1171 467 1252 517 mea
1267 467 1336 517 rna·

269 578 337 644 nu,
358 557 453 623 venit
473 555 517 622 ad
537 574 601 623 nos
622 552 742 623 Cicero
763 558 841 622 tuus
862 554 908 622 ad
928 572 1091 645 coenam,
1112 577 1213 644 quum
1235 558 1335 627 Porn-

269 663 372 751 ponia
391 662 473 729 ioris
495 666 663 731 coenaret.
715 660 820 728 Dedit
845 662 926 729 mihi
955 662 1133 749 epistolam
1153 663 1333 755 legendam

269 775 382 858 tuam,
404 787 503 855 quarn
524 768 636 854 paullo
658 773 737 834 ante
757 772 961 860 acceperat,
989 769 1243 856 Aristophaneo
1265 790 1335 838 mo·

271 873 335 962 do,
369 873 471 942 valde
492 874 683 941 mehercule
704 879 740 943 et
759 894 900 942 suavem
920 879 956 942 et
976 893 1142 964 gravem:
1178 896 1247 965 qua
1268 897 1334 944 sum

270 982 448 1051 admodum
469 983 670 1051 delectatus.
718 981 822 1050 Dedit
843 982 941 1046 ctiam
964 981 1106 1048 alteram
1125 982 1218 1049 illam
1239 983 1332 1072 mihi,

272 1107 337 1177 qua
363 1088 460 1155 iubes
488 1106 564 1154 eum
591 1088 671 1153 mihi
696 1105 776 1157 esse
804 1084 944 1151 affixum
970 1088 1138 1173 tamquam
1158 1089 1332 1176 magistro.

274 1193 383 1278 Quam
403 1194 496 1261 illum
517 1194 682 1282 epistolas
696 1194 778 1264 illae
796 1187 1028 1260 delectarunt!
1050 1212 1148 1279 quam
1165 1189 1242 1261 me!
1274 1194 1334 1261 Ni·

272 1298 322 1366 hil
342 1316 448 1385 puero
469 1297 529 1366 illo
549 1301 709 1389 suaviuS,
730 1300 812 1367 nihil
830 1302 939 1368 nostri
952 1301 1129 1368 amantius.
1172 1301 1273 1368 Haec
1286 1302 1334 1367 in·

259 1408 327 1472 ter
346 1422 487 1472 coenam
508 1406 625 1474 Tironi
646 1407 791 1493 dictavi,
822 1425 867 1473 ne
894 1407 1016 1473 mirere
1036 1405 1105 1473 alin
1124 1426 1230 1486 manu
1252 1425 1334 1475 esse.

177 1511 234 1583 2⁰.
276 1513 403 1580 Annali
422 1519 607 1601 pergratae
627 1513 749 1581 literae
770 1516 849 1581 tuae
870 1512 1024 1602 fucrant,
1046 1512 1134 1600 quod
1150 1518 1187 1580 et
1205 1531 1336 1581 curares

272 1619 316 1688 de
337 1638 376 1687 se
399 1619 582 1709 diligenter
603 1625 771 1689 ettamen
795 1621 1173 1689 consilioseverissimo
1194 1621 1335 1687 iuvares.

271 1728 311 1793 Ρ.
326 1727 494 1797 Servilius
514 1731 614 1815 pater
633 1746 679 1795 ex
698 1728 829 1817 literis,
852 1746 937 1815 quas
958 1727 1023 1794 sibi
1044 1725 1237 1796 acassarc
1258 1727 1335 1794 mis·

272 1853 333 1903 sas
355 1852 434 1902 esse
458 1833 611 1919 dicebat,
640 1834 814 1922 significat
840 1833 943 1902 valde
973 1838 1007 1901 te
1035 1834 1100 1901 sibi
1127 1837 1270 1921 gratum
1289 1833 1338 1900 te·

269 1943 384 2027 cisse,
407 1940 494 2028 quod
516 1941 558 2008 de
580 1959 643 2009 sua
662 1942 840 2008 voluntate
861 1958 948 2029 erga
966 1939 1150 2008 Caesarem
1166 1940 1338 2007 humanis-

222 2095 232 2114 .
274 2047 359 2116 sime
388 2046 715 2135 diligentissimeque
741 2047 873 2115 locutus
899 2066 1009 2114 esses.
1064 2046 1173 2131 Quum
1201 2048 1336 2115 Roman

273 2171 318 2220 ex
338 2153 494 2239 Arpinati
515 2154 752 2242 revertissem,
782 2152 904 2222 dictum
924 2154 1004 2221 mihi
1026 2159 1079 2222 ost
1099 2154 1338 2242 Hippodamum

272 2258 317 2327 ad
338 2262 374 2325 te
393 2258 579 2345 proiectum
593 2278 684 2337 esse.
726 2260 806 2327 Non
827 2279 965 2348 possum
986 2259 1137 2326 scribere
1158 2277 1215 2326 me
1237 2260 1339 2325 mma-

272 2369 342 2432 tum
363 2384 442 2434 esse
462 2365 555 2434 illum
577 2370 646 2434 tam
666 2367 891 2436 inhumaniter
912 2365 1063 2455 secisse,
1094 2369 1134 2432 ut
1159 2367 1236 2435 sine
1257 2365 1338 2432 meis

272 2471 380 2538 literis
394 2470 438 2538 ad
453 2474 488 2538 te
501 2472 794 2560 proficisceretur:
815 2471 899 2539 illud
917 2473 1047 2563 scribo,
1069 2471 1147 2539 mihi
1163 2471 1335 2540 molestum

272 2579 390 2648 fuisse.
444 2580 514 2646 lam
535 2581 621 2647 enirn
642 2580 699 2647 diu
720 2580 953 2668 cogitaveram
975 2597 1020 2644 ex
1041 2572 1105 2666 eo,
1128 2573 1213 2667 qu'od
1233 2581 1268 2643 tu
1286 2575 1330 2643 ad

272 2705 326 2754 me
347 2686 557 2777 scripseras,
587 2691 642 2775 ut,
669 2686 700 2753 si
722 2686 799 2774 quid
821 2689 934 2775 esset,
954 2685 1045 2774 quod
1065 2685 1111 2753 ad
1131 2689 1169 2754 te
1187 2683 1334 2772 diligen-

339 2883 389 2936 vl.
414 2891 442 2951 s.
461 2901 500 2956 ¹9·
534 2901 614 2956 quam
636 2881 709 2951 Rs.
728 2856 856 2938 coenaret.
893 2883 1010 2937 Causam
1034 2878 1135 2936 indicat
1158 2880 1232 2956 part.
1249 2898 1341 3002 me'

274 2950 310 3004 V.
327 2950 437 3019 Zumpt.
453 2945 477 3016 ἓ.
492 2951 550 3018 577.
566 2977 598 2991 -
621 2947 698 3017 soris
712 2948 787 3002 dedit
804 2948 892 3004 Orell.
909 2967 964 3020 pro
982 2947 1053 3021 vulg.
1062 2947 1156 3014 forus.
1188 2948 1246 3002 Illo
1279 2949 1306 3001 le
1325 2949 1343 3000 i·

272 3024 321 3069 tur
338 3015 418 3067 etiarn
437 3013 472 3067 ad
488 3014 541 3071 div.
555 3034 586 3083 7,
602 3017 633 3071 16
659 3033 682 3068 a.
709 3016 799 3069 Plaut.
817 3018 892 3070 Men.
910 3033 940 3080 r,
956 3031 987 3084 n,
1005 3034 1043 3093 ¹7:
1065 3012 1186 3073 Martial.
1204 3031 1238 3082 a,
1254 2965 1341 3080 53,gd.

273 3083 386 3135 Peteon.
404 3097 441 3133 ιο.
461 3081 525 3136 coll.
544 3081 592 3149 ὃο,
617 3053 666 3133 uiri
684 3079 755 3133 idem
772 3098 881 3136 coenare
888 3082 973 3152 sorar
991 3078 1063 3134 dixit.
1077 3111 1112 3124 -
1146 3082 1342 3150 Armtoplrarrco

273 3149 369 3209 modo,
386 3145 492 3200 comico
507 3146 699 3219 Aristophanis
713 3162 815 3219 genere
831 3147 884 3200 scri
907 3157 977 3213 tam,
990 3145 1094 3201 facetiis
1108 3145 1272 3218 salibusque
1286 3145 1341 3218 ple·

273 3231 345 3268 nam.
380 3212 494 3268 Schiitu.
512 3230 581 3268 vero
600 3213 635 3266 ad
652 3212 745 3271 Aristo
768 3213 864 3266 hauem
902 3214 1058 3285 ynantinum
1076 3211 1286 3285 grammaticum
1301 3227 1342 3264 re-

273 3279 395 3352 spexisse
412 3279 571 3336 Ciceronem
587 3288 683 3357 putat,
707 3288 735 3334 et
746 3231 881 3358 1i'puintum
897 3289 1005 3351 patrem
1021 3277 1272 3356 censuramcegissc
1289 3276 1341 3349 cpi·

103 3412 111 3423 .
184 3392 189 3401 ,
273 3345 512 3402 stolaeaiilioad
531 3355 785 3418 sumserimus...
819 3344 931 3464 officum.
948 3345 1107 3398 Haerebant
1121 3359 1192 3396 enum
1206 3343 1340 3418 magistris

274 3413 366 3493 pueri*
382 3411 469 3465 donec
488 3422 630 3483 praetexta
647 3410 808 3468 utebantur.
859 3422 934 3466 anat.
952 3445 985 3491 7
1018 3411 1093 3463 Nihil
1105 3426 1191 3481 puero
1210 3411 1259 3462 illc
1281 3427 1341 3488 ,ηια-Ι

272 3496 340 3533 croc.
374 3479 449 3560 ΙΝιἹιιἸ
469 3488 501 3533 ut
522 3495 605 3551 saepe
625 3495 679 3550 pro
695 3494 776 3531 nemo
795 3487 848 3557 cst.
884 3477 926 3531 cf.
947 3478 1008 3556 Cic..
1026 3476 1073 3534 off.
1092 3493 1123 3545 a,
1139 3493 1165 3542 7.
1180 3506 1212 3518 -
1254 3486 1338 3528 nostra

274 3543 531 3680 gmgzrtgosgicpuog
548 3553 752 3666 effingat?
760 3560 874 3681 mane
891 3541 1030 3615 probavit.
1064 3543 1102 3598 V.
1121 3541 1156 3597 ad
1173 3547 1233 3600 Att.
1250 3558 1297 3610 ro,
1310 3544 1339 3609 4,

363 3744 369 3758 .
388 3721 428 3760 uo.
462 3706 574 3768 Annuit,
592 3705 711 3759 senatori
730 3701 778 3784 (ad
793 3701 846 3756 div.
863 3702 896 3770 8,
908 3703 939 3769 8)
958 3701 1058 3757 Villius
1074 3699 1178 3774 gentis}
1196 3701 1339 3774 plebeiae,

274 3769 318 3822 cui
339 3713 394 3823 {oc
418 3788 518 3825 nornen
537 3771 624 3824 haesit
644 3787 659 3823 a
677 3770 763 3841 Villio
781 3768 895 3823 tribuno
909 3772 965 3841 pl,
991 3767 1039 3841 qui
1056 3768 1144 3888 legem
1161 3767 1196 3821 de
1214 3767 1340 3849 petendis

273 3837 477 3908 magistratibus
493 3839 614 3890 annalem
628 3838 699 3892 tulit.
727 3838 763 3892 V.
775 3837 842 3889 Em.
857 3834 911 3895 ind.
926 3836 997 3908 legg.
1012 3867 1045 3879 -
1102 3835 1252 3889 ,Scrar'lms
1267 3835 1340 3890 Isau·

273 3900 362 3970 ricus,
386 3913 467 3973 pater
482 3904 513 3957 P.
526 3903 636 3958 Servilii
653 3904 718 3967 filit,
744 3897 779 3956 de
795 3919 853 3974 quo
870 3922 895 3956 v.
911 3901 945 3954 ad
958 3906 1017 3956 Att.
1035 3919 1062 3968 ι,
1079 3919 1124 3972 19,
1138 3919 1173 3973 93
1198 3918 1230 3968 a,
1249 3919 1277 3968 1,
1296 3919 1326 3955 ro
1332 3919 1342 3968 ς

274 3969 307 4036 4,
324 3970 370 4036 16,
395 3968 964 4050 123suprar‚3‚n;infracp.4.§.63
989 3966 1022 4021 dc
1036 3978 1118 4038 patra
1140 3985 1166 4021 v.
1185 3964 1221 4020 ad
1235 3965 1289 4024 div.
1310 3986 1340 4034 ι,

279 4053 309 4102 r,
323 4035 349 4090 3.
367 4067 400 4079 -
432 4036 565 4102 sr'gnpicct
585 4037 760 4107 perlitatae.
777 4064 810 4076 -
844 4036 949 4091 locutus
964 4052 1031 4087 esras
1047 4049 1110 4088 oum
1123 4033 1254 4090 Caesare.

341 4135 369 4198 s.
387 4145 426 4184 cr.
461 4127 659 4198 Hippodamum.
688 4132 728 4186 V.
745 4144 831 4200 supra
846 4126 871 4196 i.
884 4145 909 4198 9.
928 4158 959 4174 ...
