2768 4866
394 246 400 258 ·
522 231 872 293 PRAEFATIO.
1194 228 1226 296 V

165 444 318 522 centulis
352 445 497 518 omnino
538 464 612 517 nou
652 464 735 519 esse
770 444 951 541 legendas
986 453 1225 543 censueruntq·

164 591 316 667 namque
344 568 391 644 ab
425 566 579 658 astutia,
616 562 770 664 perfidia
801 569 965 663 omnique
996 569 1225 647 simulatione

118 702 134 740 ι
164 715 270 790 quum
288 692 362 764 sint
380 688 534 780 alienae,
549 687 736 786 plurimum
753 693 883 761 contra
897 687 1026 762 valent
1044 688 1093 765 ad
1112 711 1225 765 veros

163 816 270 887 animi
291 811 410 887 Marci
439 831 569 884 sensus
600 811 743 908 penitus
774 809 1075 907 cognoscendos,
1113 822 1224 913 atquc

161 922 359 1035 praeterea
376 929 474 1007 haud
492 954 613 1031 pauca
632 928 681 1005 ad
699 955 818 1008 mores
831 930 1067 1028 formandos,
1093 935 1141 1010 ad
1162 959 1225 1015 re-

162 1069 241 1133 r'um
258 1055 486 1131 humanarum
506 1077 553 1130 ac
572 1057 674 1131 vitae
698 1053 929 1132 conditiones
949 1055 1224 1158 perspiciendas

163 1189 336 1278 recteque
350 1179 611 1274 aestimandas,
632 1177 681 1253 ad
699 1179 882 1275 ingenium
899 1177 1067 1255 alendum
1087 1203 1224 1256 acuen-

161 1299 316 1400 dumque
339 1301 515 1378 salutaria
537 1301 819 1377 subministrant.
875 1302 1006 1378 Mirum
1029 1305 1141 1401 igitur
1164 1305 1224 1380 vi·

159 1421 240 1500 deri
257 1427 393 1523 possit,
412 1421 473 1521 qui
488 1421 623 1498 factum
638 1424 685 1494 sit
700 1420 826 1497 ut'hae
842 1424 1023 1522 epistolae
1039 1427 1222 1513 rarissime

158 1573 185 1623 a
219 1548 368 1645 reliquis
405 1548 595 1620 seiunctae
633 1540 830 1618 ederentur
867 1545 1222 1648 explicarenturque.

157 1671 299 1748 Verum
318 1673 523 1744 enimvero
541 1669 719 1742 neminem
737 1665 820 1742 fere
838 1666 958 1743 latere
977 1676 1087 1767 puto,
1113 1676 1220 1749 sicuti

159 1797 195 1867 in
215 1793 362 1889 reliquis
379 1790 594 1892 disciplinae
611 1791 785 1868 iuvenilis
799 1792 981 1893 partibus,
1000 1797 1052 1869 ita
1068 1795 1105 1868 iu
1123 1804 1224 1881 traca

158 1914 409 1991 taudis‘etiam
425 1911 667 2012 legendisque
682 1923 848 1993 veterum
864 1917 1103 2018 scriptoribus
1122 1917 1221 1997 baud

157 2062 301 2139 semper
329 2061 396 2115 eos
422 2036 536 2113 libros
560 2062 584 2112 a
610 2038 913 2139 praeceptoribus
941 2039 1220 2139 scholarumque
1251 2035 1253 2040 ’

157 2164 356 2267 praefectis
373 2165 495 2262 appeti
512 2160 842 2262 commendarique,
859 2167 964 2241 immo
979 2189 1092 2266 saepe
1107 2189 1233 2268 prae-1

156 2290 304 2365 termitti
321 2308 371 2362 vac
388 2284 547 2384 negligi,
573 2309 623 2362 ex
643 2309 791 2385 quorum
809 2289 1028 2378 tractatione
1049 2311 1217 2366 summum

156 2418 261 2489 aetas
277 2410 448 2487 iuvenilis
468 2417 619 2510 caperet
637 2409 803 2487 fructum.

128 2573 129 2576 ¹
204 2580 211 2591 -
230 2533 354 2624 Quare
377 2560 483 2633 quum
501 2534 892 2631 animadverteremus,
918 2544 1126 2638 separatam
1146 2560 1217 2613 uo-

154 2663 275 2757 tisque
299 2661 515 2736 illustratam
538 2665 691 2737 omnium
716 2659 765 2734 ad
785 2660 954 2751 antum
979 2661 1216 2761 epistolarum

155 2779 352 2856 editionem
381 2786 579 2859 recentiori
610 2791 774 2881 tempore
804 2785 841 2856 in
856 2857 859 2863 ,
873 2782 992 2857 lucem
1022 2806 1096 2857 non
1124 2805 1216 2881 pro·-

154 2900 290 2995 diisse,
317 2903 539 2978 clarissimus
563 2927 656 2981 vero
678 2905 869 3005 professor
895 2903 940 2982 0.
957 2905 1006 2980 F.
1023 2906 1214 2983 Hermou-

151 3052 224 3103 aas
244 3028 355 3103 talem
381 3026 583 3103 desiderari
603 3052 672 3103 nos
693 3037 859 3104 moneret
879 3036 1080 3127 auctorque
1105 3029 1214 3106 nobis

122 3179 126 3186 ·
153 3157 274 3243 esset,
307 3157 349 3224 ut
372 3149 421 3225 ad
447 3173 514 3224 eas
539 3149 745 3225 scholarum
769 3155 808 3228 in
830 3177 933 3227 usum
956 3151 1213 3252 explanandas

154 3295 299 3370 operam
316 3281 479 3350 nostram
495 3272 763 3367 conferremus,
783 3297 829 3350 eo
849 3276 1022 3352 libentius
1037 3275 1134 3352 huuc
1153 3279 1209 3351 lae

153 3391 284 3471 norem
298 3401 466 3492 aggressi
483 3421 626 3490 sumus,
645 3396 742 3493 quod
757 3401 813 3474 sic
827 3422 981 3499 sperare
998 3401 1106 3492 licet,
1129 3398 1212 3482 tore

151 3520 193 3587 ut
212 3512 339 3612 plures
363 3516 412 3589 ad
438 3540 560 3591 earum
584 3519 788 3595 lectionem
806 3526 1025 3598 excitentur.
1068 3580 1076 3594 .

110 3619 116 3627 ’
224 3635 301 3709 lam
324 3637 361 3708 in
387 3636 600 3717 adornanda
630 3643 755 3718 harum
789 3645 1022 3744 epistolarum
1049 3645 1211 3721 editione

150 3761 327 3835 rationem
353 3759 614 3859 consiliumque
632 3765 713 3841 fere
733 3766 846 3862 idem,
874 3767 971 3865 quod
991 3773 1027 3842 in
1049 3771 1143 3844 libro
1164 3771 1213 3862 Q.

151 3879 341 3957 Ciceronis
361 3880 409 3957 de
429 3885 608 3982 petitione
628 3885 852 3963 Consulatus
873 3911 1012 3986 paucos
1033 3900 1118 3966 ante
1143 3917 1210 3965 an-

148 4027 218 4080 uos
231 4008 369 4098 (1837)
388 4032 411 4084 a
428 4007 534 4085 nobis
553 4010 707 4108 vulgato
726 4013 888 4107 virisque
905 4013 1026 4096 solida
1043 4014 1209 4095 doctrina
1253 4043 1259 4054 ·
