2768 4866
233 257 283 325 31)
376 260 411 320 11.
433 259 464 319 Τ.
486 257 669 320 CICERONIS
691 256 842 319 EPISTOL.
864 256 912 317 AD
934 258 966 329 Ο.
988 258 1154 320 FRATREM

232 442 273 526 ln
294 459 359 527 quo
381 438 568 506 cavendum
588 443 662 527 est,
690 456 752 528 ne,
781 418 811 504 si
831 439 1065 529 negligentior
1085 441 1214 527 fueris,
1237 460 1311 508 non

233 548 343 615 solum
363 546 424 613 tibi
443 565 561 633 parum
580 545 812 634 consuluisse,
837 544 902 613 sed
923 547 1023 613 etiam
1044 549 1112 614 tuis
1133 547 1311 615 invidisse

232 652 394 722 videaris.

34 764 132 834 XVI.
155 766 217 834 45,
316 759 430 844 Atque
450 757 535 822 haec
555 776 622 822 non
644 773 685 823 eo
706 755 881 844 dicuntur,
902 764 939 825 ut
955 763 992 826 te
1007 761 1113 828 oratio
1128 779 1205 828 mea
1219 717 1308 829 dur-

232 865 389 934 mientem
416 865 611 951 excitasse,
642 863 706 929 sed
732 867 843 951 potius
869 871 906 933 ut
927 871 1117 935 currentem
1137 869 1309 936 incitasse

185 1055 188 1062 ⁵
232 971 399 1039 videatur.
440 964 564 1036 Facies
586 970 674 1036 enim
696 975 873 1062 perpetuo,
901 989 988 1059 quae
1008 971 1141 1058 fecisti,
1163 978 1202 1038 ut
1224 994 1306 1040 om-

192 1152 194 1156 ,
231 1096 295 1145 nes
321 1079 525 1164 aequitatem
552 1081 663 1164 tuam,
695 1079 966 1168 temperantiam,
995 1079 1216 1147 severitatem
1244 1081 1307 1145 in-

232 1185 495 1272 tegritatemque
516 1183 664 1252 laudent.
707 1183 780 1253 Sed
797 1202 850 1251 me
867 1184 1031 1271 quaedam
1048 1189 1143 1252 tenet
1161 1190 1307 1272 propter

232 1291 442 1378 singularem
456 1309 600 1357 amorem
615 1289 742 1359 infinita
753 1293 789 1358 in
801 1295 837 1358 te
851 1292 998 1359 aviditas
1011 1293 1160 1380 gloriae:
1178 1310 1306 1378 quam·

233 1415 332 1484 quam
348 1395 432 1463 illud
447 1398 621 1487 existimo,
643 1418 741 1486 quum
757 1399 823 1465 iam
840 1397 900 1464 tibi
914 1399 1023 1486 Asia,
1045 1399 1133 1465 sieut
1147 1399 1206 1463 uni
1224 1400 1305 1464 cui-

137 1594 140 1607 Ι
194 1593 197 1599 ¹
233 1522 299 1590 que
316 1523 378 1570 sua
396 1503 534 1595 domus,
550 1509 632 1573 nota
653 1524 732 1575 esse
754 1504 897 1592 debeat,
918 1522 1016 1590 quum
1037 1503 1081 1570 ad
1095 1508 1185 1569 tuam
1202 1522 1305 1571 sume·

232 1631 318 1679 mam
346 1612 557 1698 prudentiam
584 1617 700 1679 tantus
725 1629 808 1678 usus
835 1610 1043 1696 accesserit,
1082 1609 1166 1675 nihil
1198 1628 1304 1699 esse,

138 1709 141 1720 '
232 1717 321 1805 quod
341 1717 385 1783 ad
407 1717 539 1784 landem
559 1718 721 1806 attineat,
752 1716 840 1804 quod
868 1737 935 1784 nou
956 1721 993 1784 tu
1014 1718 1137 1803 optime
1157 1718 1303 1805 perspi-

126 2189 190 2314 nc.

232 1824 306 1892 cias
326 1831 362 1891 et
383 1823 442 1891 tibi
462 1843 529 1890 nou
549 1823 624 1891 sine
643 1825 835 1911 cuiusquam
853 1823 1085 1890 exhortatione
1102 1826 1137 1890 in
1152 1832 1304 1895 mentem

231 1933 349 2000 veniat
363 1930 519 2019 quotidie.
563 1928 636 1998 Sed
653 1948 740 2017 ego,
763 1931 834 2019 qui,
855 1950 953 2017 quum
974 1935 1032 1998 tua
1053 1932 1151 2020 lego,
1174 1936 1210 1999 te
1232 1951 1301 2000 uu-

206 2084 208 2089 s
232 2037 328 2127 dire,
351 2043 386 2104 et
406 2037 478 2125 qui,
512 2055 610 2122 quum
631 2035 675 2101 ad
698 2039 733 2104 te
754 2037 884 2125 scribo,
913 2030 1024 2106 iecum
1046 2040 1136 2126 loqui
1157 2041 1298 2109 videor:

231 2141 356 2209 ideirco
388 2146 424 2208 et
449 2146 507 2206 tua
528 2140 728 2229 longissima
749 2159 878 2229 quaque
899 2142 1044 2228 epistola
1064 2146 1209 2213 maxime
1233 2148 1298 2215 de-

232 2251 340 2317 lector
368 2253 403 2315 et
430 2249 505 2335 ipse
533 2249 566 2313 in
595 2247 772 2316 scribendo
794 2260 867 2314 sum
889 2267 995 2336 saepe
1015 2249 1157 2338 longior.
1207 2253 1294 2319 illud

231 2361 268 2427 te
291 2356 334 2422 ad
357 2361 540 2422 extremum
561 2360 597 2421 et
617 2374 674 2421 oro
696 2360 731 2420 et
751 2355 883 2440 hortor,
905 2361 964 2441 ut,
984 2361 1151 2443 tamquam
1173 2365 1298 2446 potitae

231 2462 310 2529 boni
331 2467 366 2530 et
383 2467 517 2529 actores
535 2463 693 2529 industrii
708 2461 836 2550 solent,
859 2466 909 2529 sie
923 2470 958 2530 tu
976 2465 1010 2529 iu
1029 2468 1184 2531 extrema
1197 2473 1298 2553 parte

232 2572 269 2634 et
296 2569 511 2637 conclusione
538 2564 685 2639 muneris
715 2590 756 2637 ac
784 2570 912 2656 negotii
939 2571 986 2635 tui
1016 2563 1298 2662 diligentissimus

209 2674 302 2765 sis,
336 2680 374 2741 ut
403 2676 457 2742 hic
485 2675 605 2764 tertius
633 2694 742 2742 annus
763 2677 893 2764 imperii
913 2678 964 2743 tui
984 2680 1152 2765 tamquam
1173 2683 1298 2748 tertius

231 2786 329 2851 aetus
350 2783 617 2871 perfectissimus
646 2788 747 2871 atque
775 2785 1008 2852 ornatissimus
1037 2784 1145 2866 tuisse
1171 2787 1297 2855 videa-

231 3001 322 3046 menta
341 2990 498 3064 accipienda
511 3009 567 3046 non
584 2991 701 3062 putavit.
714 3023 745 3034 -
778 2995 809 3046 la
821 3011 872 3063 quo
887 3010 943 3048 cuo.
962 3005 1008 3048 est.
1043 2995 1084 3048 lta
1098 2995 1210 3048 Ernest.
1229 3012 1296 3050 con·

230 3057 311 3126 lecit,
327 3074 410 3130 quem
427 3059 514 3112 secuti
528 3069 593 3112 suut
610 3057 723 3112 Schiita.
737 3060 887 3114 etLiinem.
904 3076 958 3130 pro
971 3058 1045 3132 vulg.
1064 3064 1094 3114 In
1111 3080 1163 3131 qua
1179 3077 1218 3115 sc.
1236 3063 1296 3142 gip·

170 3149 191 3187 ·,
230 3126 290 3194 ria3
313 3141 386 3244 quae
409 3121 506 3177 durior
529 3134 570 3178 est
590 3125 670 3180 ratio.
687 3154 720 3168 --
755 3141 807 3175 non
826 3125 921 3182 colom.
957 3127 1029 3179 llaec
1046 3127 1131 3181 verba
1147 3144 1247 3180 omissa
1267 3148 1296 3182 rm

231 3208 326 3245 nonno
339 3191 371 3244 lis
394 3189 473 3243 libris
495 3189 605 3262 scriptis
624 3189 828 3262 impressisque.
861 3190 950 3244 Orell.
971 3192 1094 3246 couierri
1110 3192 1188 3246 iubet
1206 3195 1296 3248 Gara-

231 3268 288 3313 tau.
303 3257 337 3310 ad
355 3257 473 3328 Philipp.
484 3253 516 3312 Τ.
528 3273 550 3310 a.
567 3275 596 3328 p.
612 3260 677 3328 49¹3
695 3254 729 3309 ad
747 3257 824 3312 Fam.
844 3256 987 3325 13‚6t,a.
1005 3259 1052 3311 ubi
1070 3257 1161 3313 itidem
1181 3277 1234 3311 non
1253 3279 1295 3312 so·

231 3325 286 3376 lum
302 3323 448 3391 omittitur,
457 3332 484 3377 et
493 3339 566 3395 quae
580 3333 678 3377 cauma
693 3322 753 3394 ipse
766 3323 870 3378 notavit
884 3330 919 3375 ad
934 3324 1061 3378 Oratoris
1075 3333 1098 3393 §.
1112 3343 1160 3395 an7
1173 3324 1215 3379 ed.
1227 3325 1295 3387 min.

295 3410 370 3471 xvi.
396 3422 422 3486 s.
440 3414 481 3480 45.
517 3416 619 3482 a'nſsnita
641 3415 668 3464 in
692 3425 718 3465 te
740 3413 853 3465 uor'dt'tor
872 3415 984 3482 glarolae.
1018 3415 1136 3470 Ursinus
1157 3415 1296 3470 coniecitt

231 3497 346 3531 amorem
365 3484 392 3532 iu
411 3492 454 3542 te,
474 3481 576 3548 a'rfinr'to
591 3481 705 3531 aviditas
717 3481 841 3548 gloriae,
865 3479 941 3551 quod
960 3480 1067 3535 Orellio
1084 3481 1167 3553 magis
1185 3482 1297 3552 placet,

230 3561 314 3616 quarn
330 3547 447 3600 Gesneri
460 3545 581 3618 suspicio
598 3563 698 3617 parum
714 3545 885 3617 probabilis:
904 3548 1005 3614 atfinita
1021 3559 1083 3599 tuae
1099 3549 1167 3602 uoz'd.
1178 3548 1219 3615 gl.
1254 3550 1296 3602 At

228 3609 307 3664 nulla
323 3612 434 3665 omuino
451 3609 639 3665 emendatione
654 3611 733 3664 loeus
749 3628 830 3682 egere
848 3608 974 3679 videtum
993 3630 1035 3669 vv.
1054 3617 1081 3665 a'n
1096 3625 1121 3664 te
1137 3613 1243 3667 valent:
1265 3614 1296 3673 in

230 3693 281 3745 eo,
298 3675 375 3747 quod
392 3677 426 3730 ad
444 3688 470 3752 te
486 3678 597 3744 attinet,
614 3679 641 3730 iu
657 3686 704 3730 tua
723 3693 858 3795 qersona,
875 3677 910 3730 cf.
928 3695 1014 3748 supra
1030 3679 1065 3733 ad
1085 3685 1109 3746 §.
1129 3697 1175 3749 ¹73
1199 3682 1238 3733 ita
1260 3692 1295 3735 ut

229 3743 264 3797 sit
280 3758 391 3795 sensura
409 3741 559 3798 arrdissiure
577 3744 660 3816 cupio
674 3753 702 3796 te
715 3760 731 3816 g
744 3752 829 3797 oriam
846 3746 988 3816 consequi.
1002 3779 1034 3788 -
1067 3747 1104 3797 ad
1116 3746 1220 3797 taudem
1237 3747 1243 3798 i
1268 3763 1294 3802 e.

231 3805 265 3863 ed
285 3807 452 3863 laudabilem
476 3810 634 3881 provinciae
657 3819 720 3863 tuae
743 3809 1012 3871 administrationem,
1035 3845 1066 3854 -
1108 3814 1296 3865 exhortatione

228 3871 303 3928 dedit
319 3874 408 3930 Orell.
426 3892 458 3928 ex
472 3876 534 3936 cod.
551 3875 624 3934 Med.
641 3888 695 3947 pro
712 3876 785 3948 vulg.
799 3878 957 3931 dortcto'rme.

295 3970 322 4032 s.
340 3961 381 4030 46.
410 3956 539 4015 tudostrz'z'
551 3964 575 4018 h.
591 3965 610 4022 l.
626 3963 731 4029 idonei,
742 3962 814 4020 boni.
832 3998 863 4008 -
893 3978 973 4035 tamq.
987 3968 1084 4017 tertios
1099 3978 1182 4021 uetus,
1199 3966 1296 4026 Oceli.

229 4025 263 4080 ad
283 4028 307 4082 h.
321 4029 339 4084 1,
367 4030 556 4095 »Fuerunt«,
572 4030 675 4100 inquit,
695 4029 765 4101 aqui
782 4044 914 4082 extremos
926 4050 950 4083 v.
961 4031 1071 4082 ultimos
1086 4044 1163 4085 octus
1176 4034 1293 4092 vellent.

228 4093 281 4148 Sed
297 4095 331 4148 of.
347 4096 438 4164 tange
456 4096 555 4150 Va'odz'c.
568 4107 641 4162 trag.
655 4093 730 4151 Rom.
746 4114 774 4166 p.
787 4097 848 4161 dou
877 4097 1019 4150 Manutius
1036 4097 1076 4152 his
1089 4098 1182 4152 verbis
1196 4099 1294 4156 locum
