2768 4866
540 264 603 325 tltt.
624 263 644 327 l
686 263 737 324 ΕΡ.
759 264 778 323 l.
792 304 803 330 ,ι
1148 259 1190 328 21

126 472 225 542 quam
244 471 308 519 nos
329 452 365 518 in
387 447 606 535 deducendo,
627 446 771 534 perfice,
792 451 830 512 nt
849 446 979 514 laetitiis
997 449 1193 534 provinciae

126 559 329 627 desiderium
349 560 502 623 nostrum
523 554 681 622 leniatur.
729 553 864 619 Etenim
886 554 917 619 si
937 555 972 620 in
994 572 1193 641 promeren-

126 669 187 757 do,
210 673 247 733 ut
266 666 326 734 tibi
346 664 432 730 tanti
451 663 599 728 honores
620 660 845 745 haberentur,
873 662 989 746 quanti
1009 660 1098 727 haud
1119 662 1192 729 scio

102 796 104 800 ·
125 797 171 844 an
191 775 336 857 nemini,
353 771 452 836 >inisti
473 769 617 834 omnium
639 767 940 855 diligentissimus:
961 767 1063 834 multo
1085 769 1193 835 maio-

126 883 244 951 remin
260 881 313 946 bis
328 875 510 943 honoribus
523 873 657 941 tuendis
675 875 838 943 adhibere
852 874 1062 962 diligentiam
1077 875 1192 944 debes.

127 986 292 1076 Equidem
307 983 350 1050 de
364 984 431 1050 isto
447 999 579 1070 genere
596 981 757 1074 bonorum
773 981 853 1070 quid
868 984 1049 1072 sentirem,
1072 982 1196 1069 scripsi
1236 971 1292 1040 3¹·

127 1093 173 1161 ad
201 1099 236 1159 te
264 1095 354 1159 onte.
404 1089 549 1175 Semper
569 1106 630 1155 eos
656 1090 793 1180 putavi,
822 1091 852 1155 si
872 1090 1039 1177 vulgares
1060 1091 1195 1176 essent,

128 1199 238 1266 viles:
258 1199 290 1263 si
306 1196 465 1284 temporis
480 1213 585 1262 causa
602 1196 905 1276 constituerentur,
923 1195 1042 1263 leves=
1064 1195 1194 1262 sivero

129 1342 171 1355 -
191 1305 226 1371 id
247 1304 333 1392 quod
353 1305 402 1371 ita
420 1304 545 1370 factum
567 1306 623 1368 est
643 1337 685 1349 -
704 1301 833 1367 meritis
860 1302 926 1367 tuis
951 1300 1196 1388 tribuerentur,

128 1410 361 1479 existimabam
386 1408 524 1475 moltam
548 1407 609 1472 tibi
629 1406 727 1475 iniis
748 1407 933 1474 honoribus
954 1407 1087 1483 tuendis
1110 1426 1195 1495 ope-

127 1535 301 1586 ramesse
323 1513 523 1602 ponendam.
575 1511 690 1594 Quare
717 1515 871 1602 quoniam
898 1515 934 1580 in
961 1515 1036 1581 istis
1054 1513 1195 1580 'urbibus

130 1643 205 1690 cum
232 1638 361 1688 summo
391 1617 530 1703 imperio
559 1620 594 1682 et
620 1624 791 1704 potestate
817 1620 985 1709 versaris,
1014 1621 1049 1686 in
1076 1620 1195 1706 quibus

129 1733 208 1794 tuas
228 1727 373 1792 virtutes
395 1725 614 1789 consecratas
644 1731 679 1793 et
705 1728 740 1794 in
768 1726 905 1794 deorum
925 1745 1063 1793 numero
1086 1726 1195 1793 coilo-

131 1836 229 1901 catas
249 1832 371 1899 vides:
393 1833 428 1897 in
450 1829 601 1896 omnibus
619 1832 739 1919 rebus,
762 1853 846 1920 quas
862 1837 1116 1921 statues,·qnas
1131 1832 1195 1903 de-

130 1957 271 2026 cernes,
301 1957 383 2026 quas
413 1954 524 2025 ages,
556 1935 634 2023 quid
654 1940 759 2005 tantis
779 1938 944 2005 bominum
965 1937 1196 2024 opinionibus,

128 2047 233 2112 tantis
256 2045 299 2112 de
320 2050 355 2110 te
375 2042 530 2133 iudiciis,
558 2043 663 2109 tantis
683 2044 866 2112 honoribus
888 2042 1195 2130 debesa,.cogita-

130 2151 195 2217 bis.
237 2150 279 2217 ld
300 2155 412 2219 autem
433 2152 497 2217 erit
518 2141 700 2241 eiusmodi,
728 2155 765 2218 ut
785 2152 942 2218 consules
965 2150 1137 2238 omnibus,
1159 2154 1197 2216 ut

127 2255 288 2323 medeare
308 2255 525 2322 incommodis
545 2255 733 2341 hominum,
755 2254 938 2343 provideas
960 2255 1080 2342 saluti,
1102 2261 1140 2322 ut
1160 2259 1197 2322 te

128 2366 306 2451 parentem
327 2362 430 2428 Asiae
452 2367 487 2428 ct
508 2361 573 2430 dici
594 2366 629 2430 ct
649 2362 763 2429 baberi
784 2361 883 2430 velis.

130 2565 242 2619 Fairno
258 2573 286 2617 et
302 2563 465 2636 Malaspino.
485 2596 516 2609 -
550 2564 697 2618 deducendo
715 2591 748 2616 =
765 2566 791 2618 in
811 2563 955 2633 enitendo,
972 2576 1004 2619 ut
1021 2581 1036 2618 e
1055 2567 1195 2636 provincia

130 2630 248 2684 Romam
286 2646 362 2683 osses
380 2630 497 2698 reverti,
521 2641 552 2686 ut
567 2630 617 2685 tibi
635 2631 839 2687 succederetur.
854 2665 887 2676 -
920 2629 1026 2684 laetitid
1064 2635 1196 2686 roainmas

86 2704 88 2708 “
132 2695 168 2748 dc
184 2652 330 2768 proecYara
347 2707 395 2752 tua
411 2695 654 2752 administratione.
670 2730 704 2742 ·-
738 2709 768 2750 ut
782 2699 832 2750 tili
846 2699 1019 2754 tant.ltoaor.
1053 2699 1094 2752 ab,
1129 2699 1217 2768 Pro-¹

133 2761 261 2816 vincisles
281 2761 337 2816 suis
354 2762 527 2830 rectoribus,
552 2764 574 2817 si
589 2764 624 2816 ali
648 2781 711 2818 narn
730 2762 813 2817 modo
828 2763 958 2834 justitiam
983 2774 1010 2818 et
1031 2763 1198 2833 benevolen-⁴

135 2825 200 2879 tiam
213 2827 279 2896 ipsis
290 2838 484 2946 praestarent,
502 2846 624 2882 summos
655 2846 757 2884 oneres
771 2830 925 2899 habebant3
942 2829 1105 2900 praesertim
1123 2830 1196 2895 Asia,

133 2893 271 2949 serviliter
312 2893 449 2961 laudisne,
477 2912 554 2962 aras,
578 2897 682 2968 templa
703 2894 817 2967 diesque
837 2896 923 2950 festos
939 2898 980 2950 eis
998 2894 1196 2959 consecrabat3

132 2959 220 3014 veluti
237 2959 272 3032 Q.
288 2956 383 3014 Mucio
400 2962 553 3016 Scaevolae
570 2978 690 3017 annuum
712 2968 811 3015 festum
829 2963 940 3024 Mucia,
962 2964 1083 3016 Lucullo
1103 2963 1197 3014 Lucul-

132 3025 193 3080 ler'a.
226 3032 266 3081 De
283 3025 385 3103 Quinto
401 3047 427 3082 v.
442 3045 473 3080 su
496 3045 529 3081 ra
542 3035 567 3095 §-
581 3027 613 3080 ab
629 3041 657 3083 et
673 3045 736 3081 mox
751 3036 775 3097 ς.
790 3043 832 3098 sq.
869 3029 913 3084 Gi.
925 3028 1000 3100 Lips.
1015 3029 1101 3082 Elect.
1119 3047 1143 3095 r,
1156 3033 1195 3095 ri.

133 3100 163 3144 et
181 3093 326 3171 Nlongault
344 3111 394 3147 snr
417 3095 457 3147 los
477 3046 621 3148 Eonneurs
641 3094 726 3149 divins
744 3094 849 3148 rendns
867 3111 920 3147 aur
939 3110 1131 3165 gouverneurs
1148 3090 1196 3147 des

130 3173 280 3276 provinces
304 3159 351 3214 in:
386 3156 542 3239 Memoirss·
557 3159 715 3241 denl'Acad.
738 3162 786 3214 des
807 3161 896 3241 belles
915 3161 1013 3215 lettres
1036 3161 1101 3217 Vol.
1122 3179 1147 3217 ι.
1163 3190 1196 3201 -

149 3224 205 3276 aad
218 3242 273 3279 acro
291 3242 327 3277 aa
342 3244 400 3278 aem
426 3232 462 3281 tc.
479 3225 564 3280 babiti
583 3237 645 3283 sint.
680 3246 707 3281 v.
719 3228 830 3299 Zumpt.
846 3235 874 3298 ς.
889 3227 937 3293 dbd
956 3236 983 3280 et
997 3244 1055 3297 721.

154 3312 160 3343 s
199 3320 222 3380 S.
238 3315 278 3373 31.
312 3317 340 3366 in
356 3319 388 3368 s'r'r
403 3317 495 3370 bonor.
513 3317 623 3371 tuendis.
657 3317 743 3391 Vulg.
762 3319 789 3368 in
804 3319 844 3368 tis
859 3319 949 3370 bonor.
968 3315 1090 3377 ruenda,
1113 3329 1196 3384 quam
1302 3328 1308 3349 l

132 3378 240 3497 probat
253 3378 400 3451 Wopkens
422 3382 497 3440 lectt.
520 3382 593 3441 Tull.
610 3399 643 3502 p.
658 3383 717 3453 359.
759 3383 872 3438 Schiita.
890 3401 952 3436 cum
973 3382 1032 3436 aliis
1058 3379 1148 3438 omisit
1170 3399 1194 3438 r.

151 3445 293 3507 oneribus,
318 3455 349 3498 ut
363 3446 545 3516 inculcatum,
569 3458 597 3502 et
648 3448 667 3503 l.
685 3459 713 3502 et
728 3449 813 3521 paulo
828 3459 891 3502 anta
913 3454 937 3530 5
951 3446 1002 3513 eo,
1018 3447 1067 3500 ubi
1080 3448 1196 3519 legitur:

132 3514 163 3567 s'u
183 3511 224 3561 dab
237 3511 380 3562 bonoribus
395 3515 508 3569 tamdia.
525 3548 556 3557 -
598 3516 719 3578 tuendos,
745 3513 956 3583 conservandis,
981 3524 1012 3567 ut
1027 3515 1066 3568 eis
1083 3513 1196 3588 dignum

133 3587 163 3631 te
183 3585 318 3648 praestes.
333 3608 365 3617 -
398 3580 531 3648 liquidem.
552 3581 621 3637 Ern.
634 3581 745 3636 Schiita.
761 3584 796 3634 Et
807 3583 911 3662 parilem
916 3600 929 3644 ,·
946 3581 1034 3634 minus
1045 3579 1197 3636 commode.

133 3675 168 3687 -
182 3642 311 3709 vulgares
320 3655 443 3722 errent:
455 3645 649 3716 vulgarentur,
661 3665 723 3700 curn
736 3648 863 3719 quolibet
875 3645 1152 3703 communicarentur.
1162 3679 1196 3689 -

133 3710 260 3777 temporis
277 3725 377 3769 caasa,
403 3728 419 3764 ι.
436 3725 459 3763 s.
478 3727 511 3762 eo
529 3721 671 3782 tompore,
687 3728 744 3784 quo
762 3714 825 3784 quis
841 3709 1000 3783 provincias
1015 3725 1142 3784 praeest,
1158 3713 1197 3765 ni·

133 3776 186 3827 mio
201 3773 384 3828 assentatione
402 3774 494 3829 habiti.
528 3777 571 3832 cf.
586 3795 672 3850 supra
688 3789 714 3848 s.
733 3780 770 3835 15.
785 3813 819 3825 -
852 3780 919 3830 levas
934 3803 966 3829 =
983 3780 1062 3852 parvi
1077 3796 1197 3834 marnen-

96 3881 100 3889 .
134 3839 172 3908 ti,
187 3838 261 3892 band
279 3839 369 3914 magni
386 3839 552 3896 aestimandi.
569 3876 603 3887 -
643 3863 744 3896 samma
762 3847 871 3913 imperio
895 3843 981 3911 civili,
998 3864 1053 3898 non
1070 3845 1197 3909 militari,

135 3904 211 3977 quod
228 3905 294 3959 alias
311 3924 394 3979 saepe
409 3908 622 3978 proconsulibus
640 3920 668 3963 et
680 3910 927 3980 propraetoribus,
950 3911 998 3992 qni
1013 3930 1071 3967 cum
1088 3915 1122 3964 int
1141 3913 1197 3963 erio

135 3990 190 4023 essa
207 3971 385 4040 dicebantur,
409 3975 602 4045 competebat3
629 3976 748 4053 Quintus
766 3986 857 4030 sutem
876 3981 1025 4032 exercituin
1043 3995 1097 4031 non
1134 3976 1196 4030 abe·

133 4039 199 4106 hat,
214 4056 242 4109 s.
258 4055 344 4109 supra
362 4047 386 4108 5.
400 4043 415 4107 4
430 4057 473 4112 sq.
488 4074 521 4100 -÷
555 4052 618 4094 tans
632 4044 725 4098 virtut.
741 4060 855 4098 cortrecr.
889 4044 979 4100 Intell.
992 4044 1125 4112 iustitiae,
1140 4041 1196 4112 pis·

134 4103 202 4172 tati,
224 4105 384 4161 clementias
401 4116 454 4164 ete.
470 4104 545 4179 apud
563 4109 689 4164 Graecos
705 4109 812 4181 templa
829 4107 914 4167 fuisse
930 4113 1086 4167 constituto.
1101 4140 1134 4156 -
1168 4107 1199 4163 ld
