2768 4866
265 284 322 354 84
410 288 446 348 hl.
468 286 499 346 T.
520 283 704 348 CICERONIS
724 283 877 347 telsion.
898 284 947 346 All
969 283 1003 358 0.
1022 284 1200 349 FRATREM

266 483 399 553 essem,
427 469 465 529 tu
486 464 579 553 scis,
609 462 689 550 quid
710 463 756 531 sit
776 462 1006 551 interpellare.
1047 464 1105 532 An
1125 469 1164 532 te
1184 457 1342 534 Ateius?

267 570 464 638 Mehercule
483 570 564 636 mihi
585 569 711 636 docere
731 569 863 636 videris
884 569 983 636 istius
1009 570 1154 657 generis
1182 570 1340 640 humani-

270 682 392 745 tetems
414 696 478 764 qua
498 677 630 763 quidem
650 694 719 764 ego
740 674 824 742 nihil
843 680 921 742 utor
938 676 1000 743 abs
1017 681 1062 743 te.
1104 677 1160 742 Tu
1177 697 1291 770 vero,
1311 685 1341 747 ut

270 804 323 851 me
344 793 378 853 et
399 785 552 872 appelles
574 788 611 851 et
630 784 827 870 interpelles
845 788 881 852 et
895 783 1075 869 obloquare
1094 787 1130 849 et
1145 785 1339 873 colloquare

269 895 381 961 velim.
425 890 512 975 Quid
527 892 615 958 enim
629 879 894 956 mihisuoviusi
934 889 1014 955 Non
1034 889 1236 958 mehercule
1252 894 1338 979 quis·

269 1019 368 1087 quam
407 999 690 1082 μουσοπάτακτος
720 995 881 1065 libentius
911 1015 974 1062 sua
1001 982 1155 1064 re'centis
1184 1004 1339 1084 poemata

269 1107 377 1193 legit,
408 1123 507 1191 quam
535 1121 603 1190 ego
632 1107 666 1169 te
695 1101 794 1169 audio
821 1121 1020 1190 quacunque
1045 1102 1089 1175 de
1115 1123 1177 1193 re,
1211 1106 1337 1192 publico
1365 1184 1369 1190 ‚

269 1214 425 1299 privata,
448 1210 587 1295 rustica,
609 1209 748 1274 urbana.
798 1209 872 1276 Sed
892 1228 969 1276 mea
989 1210 1114 1277 factum
1136 1216 1195 1277 est
1216 1213 1338 1278 insulsa

270 1317 495 1404 verecundia,
516 1320 554 1381 ut
570 1321 604 1382 te
618 1314 837 1404 proficiscens
850 1335 918 1382 uon
931 1316 1096 1383 tollerem.
1141 1317 1336 1407 Opposuisli

272 1426 377 1494 semel
400 1426 643 1488 ἀναντίλεκτον
666 1438 822 1512 causam,
844 1423 1020 1491 Uiceronis
1039 1425 1149 1491 nostri
1170 1427 1335 1495 valetudi-

219 1582 227 1600 .
269 1553 365 1618 nem3
394 1533 558 1601 conticui:
585 1527 932 1620 iterum,0icerones;
962 1531 1085 1617 quievi.
1138 1531 1248 1599 Nunc
1269 1534 1334 1600 miii

269 1641 487 1709 iucunditatis
502 1639 602 1726 plena
616 1638 760 1725 epistola
775 1636 1023 1724 hocadspersit
1037 1636 1239 1728 molestiae,
1258 1637 1333 1727 quoi

270 1746 417 1830 videris,
450 1764 494 1812 ne
523 1743 602 1823 mihi
631 1743 794 1810 molestus
822 1762 941 1831 essee,
969 1745 1100 1811 veritus
1127 1763 1215 1814 esse
1247 1754 1332 1834 atque

271 1854 464 1920 etiamnunc
479 1850 603 1918 vereri.
645 1849 835 1938 litigarem
856 1855 988 1939 tecum,
1010 1853 1041 1919 si
1059 1851 1115 1918 tas
1136 1859 1264 1921 esset:
1284 1851 1332 1920 sel

271 1959 463 2027 mehercule
484 1959 571 2024 istuc
592 1958 623 2022 si
644 1976 788 2043 unquam
810 1959 1003 2045 suspicatus
1026 1976 1104 2045 ero,
1126 1961 1216 2026 nihil
1239 1963 1330 2030 dican

273 2066 388 2152 aliud,
418 2065 485 2130 nisi
511 2063 674 2157 verebor,
702 2082 747 2130 ne
774 2065 909 2157 quando
932 2084 1001 2155 ego
1027 2066 1108 2153 tibi,
1142 2087 1248 2155 quum
1275 2088 1329 2134 suu

217 2238 220 2243 ,
274 2190 360 2258 una,
382 2170 544 2269 molestus
561 2171 635 2238 sim.
666 2171 778 2265 'Video
795 2177 830 2240 te
847 2173 1069 2269 ingemuisse.
1102 2172 1170 2257 sic
1190 2176 1252 2266 fit,
1272 2171 1326 2238 'sti

276 2285 310 2346 ἐν
332 2272 392 2363 atq
418 2276 555 2355 ἔζησας·
583 2270 752 2365 nunquam
773 2280 861 2349 enim
882 2279 1009 2368 dicam,
1031 2276 1072 2341 ἔα
1092 2272 1225 2357 aecae
1267 2282 1329 2350 illa·

225 2505 229 2511 .
275 2461 291 2516 i.
303 2480 327 2522 c.
343 2463 365 2516 si
380 2461 417 2517 ita
432 2461 544 2536 negotiis
561 2477 649 2535 essem
663 2459 794 2531 obrutus,
808 2471 839 2516 ut
854 2459 1026 2534 interpellari
1041 2460 1169 2545 possein2
1186 2473 1218 2518 ut
1231 2462 1333 2517 alicuius

274 2528 446 2584 interventus
463 2528 528 2585 mihi
544 2530 676 2581 molestus
696 2537 775 2582 esset.
794 2559 826 2570 -
867 2530 987 2600 taff-scis,
1011 2527 1076 2598 quid
1095 2531 1139 2583 sit
1153 2530 1332 2598 raterpcllare,

274 2593 395 2667 indeque
411 2606 553 2666 nunquam
571 2611 627 2648 non
642 2593 822 2665 tempestivus
838 2590 872 2646 ed
889 2611 932 2647 me
950 2592 1064 2648 accedis.
1082 2592 1335 2656 -'An'tsAtezics.'

275 2679 315 2716 sc.
338 2661 514 2732 interpellat,
541 2671 573 2716 ut
596 2657 692 2712 eodem
713 2657 846 2714 modste
869 2660 932 2713 mihi
952 2660 1112 2733 importuno
1134 2681 1154 2727 ‚q
1188 2660 1228 2715 're
1250 2667 1334 2733 pules.

225 2744 232 2756 ·
274 2729 407 2782 Fortasse
424 2727 510 2796 intell.
531 2727 559 2779 C.
576 2725 669 2779 Accius
688 2727 800 2796 Capria,
827 2727 863 2779 de
881 2726 938 2798 quo
956 2727 989 2779 ad
1008 2726 1148 2799 Att..13,·
1189 2730 1243 2797 plp
1263 2723 1334 2779 dicit:

276 2795 378 2848 »Nosti
395 2791 561 2866 diligentiam
581 2791 723 2860 Capitonis
739 2793 767 2845 in
783 2792 870 2847 rebus
891 2792 1218 2864 novisperquireudi'sc
1236 2793 1284 2866 q'ui
1301 2807 1336 2846 re·

276 2877 340 2928 rum
354 2875 490 2913 novarum
511 2859 709 2913 audiendarum
726 2858 875 2931 cupiditate
892 2857 991 2928 ductus
1009 2859 1077 2913 alios
1094 2857 1294 2935 interpellasse
1308 2857 1334 2910 ri·

276 2923 367 2978 detur.
383 2957 415 2968 -
449 2927 553 2977 videris.
591 2924 673 2995 Vulg.
691 2925 829 2978 videbaris.
846 2956 879 2968 -
920 2928 998 2977 istim
1011 2924 1119 2993 genero&
1135 2922 1331 2983 humanitatem

163 2992 166 2997 ’
277 3007 334 3062 qua
351 2991 428 3062 quis,
444 2991 597 3060 utihteios‚
615 2990 864 3106 interpellationem
884 2991 976 3045 multis
992 2989 1084 3046 verbis
1102 3007 1246 3053 excusare
1263 2988 1335 3066 poelli

277 3057 430 3128 solentque.
445 3088 478 3098 -
512 3057 652 3113 nzhr'lctor
669 3074 685 3106 a
702 3075 715 3106 ν
731 3068 774 3119 te,
794 3055 926 3111 eiusmodi
947 3057 1097 3110 verborum
1117 3056 1268 3115 lenociniis
1286 3055 1336 3111 mih
1380 3070 1382 3083 ·

277 3122 345 3178 nihil
358 3140 430 3194 opus
443 3133 483 3176 est
494 3140 508 3175 a
520 3133 557 3190 te,
574 3124 595 3176 si
609 3139 651 3175 me
665 3122 782 3175 invisere
799 3123 927 3178 volueris.
946 3124 1054 3177 Schritz.
1070 3152 1102 3164 -
1139 3125 1288 3198 obloquare
1300 3139 1338 3193 op·
1376 3113 1382 3201 ἦ

276 3190 392 3263 ponitur
408 3208 433 3241 v.
452 3189 620 3259 colloquere,
644 3187 773 3259 idemque
788 3189 848 3242 iere
867 3189 999 3261 significat
1016 3186 1092 3261 quod
1113 3189 1188 3243 sister
1207 3192 1298 3248 ellare.
1312 3214 1337 3228 -
1380 3248 1382 3259 Ι

277 3255 487 3328 μουσοπάταντνς
513 3255 531 3307 i.
548 3271 576 3325 q.
600 3253 792 3323 μουσόληπτος,
808 3271 822 3307 a
841 3251 928 3309 Musis
949 3270 1116 3327 percussus,
1142 3275 1176 3311 su
1201 3258 1242 3311 ito
1258 3259 1337 3311 Mur·

277 3341 341 3378 rum
359 3320 454 3374 efflatu
469 3319 620 3375 concitatus
659 3321 757 3375 furore
775 3322 885 3392 poetico
900 3331 1058 3392 correptus.
1075 3353 1109 3366 -
1152 3324 1280 3375 tollerem
1295 3335 1338 3397 me:

278 3407 340 3444 cum
355 3387 480 3441 comitem
495 3386 597 3441 itineris
612 3405 626 3440 a
650 3386 789 3441 ducerem.
802 3421 836 3432 -
868 3388 1044 3441 ἀναντίλεκτον
1060 3385 1076 3440 i.
1094 3405 1117 3440 e.
1132 3387 1179 3442 cui
1193 3385 1338 3443 contradici

278 3474 333 3509 non
349 3463 450 3527 potest.
492 3453 542 3507 Est
560 3454 718 3506 coniectura
733 3453 849 3510 Victorii
864 3456 949 3508 Verr.
968 3455 1043 3507 lectt.
1059 3453 1092 3520 6,
1107 3452 1132 3508 6.
1149 3472 1177 3522 7.
1200 3460 1287 3528 quam
1304 3468 1339 3507 re

216 3545 217 3549 ¹
279 3521 352 3591 cepit
373 3521 500 3591 scheon,
528 3519 619 3590 aptior
641 3535 723 3590 quam
744 3519 825 3572 lectio
848 3517 964 3572 Manntli
986 3521 1151 3574 ἀννείσακννν
1183 3519 1339 3591 (adductam

279 3598 374 3640 contra
390 3588 558 3640 voluntatem
575 3601 676 3650 meam,
694 3583 750 3641 ie.
769 3584 923 3656 oppositam
941 3585 1203 3655 voluntatemne),
1227 3586 1339 3660 probate

279 3651 315 3703 ab
333 3651 514 3706 Ernesti0.-
548 3650 601 3705 Cic.
618 3663 720 3713 nostr„
739 3650 786 3703 filii
803 3651 853 3707 tui.
869 3683 901 3694 -
933 3653 1030 3704 s‘terooi
1051 3652 1189 3705 Cicerones
1205 3672 1249 3708 se.
1262 3668 1340 3725 eppo·

280 3717 372 3785 suisti,
394 3718 411 3770 i.
430 3734 452 3772 e.
472 3718 536 3772 mihi
550 3719 651 3770 iterum
673 3726 700 3773 te
721 3716 845 3771 invitanti
866 3734 976 3773 causam
999 3717 1171 3790 opposuisti,
1195 3720 1339 3775 Cicerones
1372 3734 1378 3781 ·,

280 3792 391 3836 nostros
408 3794 456 3839 tua
474 3801 556 3856 egere
574 3800 651 3836 cura.

344 3871 368 3932 5.
387 3882 411 3917 u.
432 3867 458 3917 ci
468 3884 584 3938 unquam
597 3868 748 3934 suspicatus
761 3882 818 3927 ero,
835 3850 857 3917 si
872 3881 992 3936 unquam
1010 3853 1238 3922 animadvertero
1254 3878 1282 3922 te
1295 3865 1337 3919 hot

281 3944 340 3984 esse
353 3931 450 3983 animo.
464 3963 496 3974 -
530 3935 583 3983 nisi
592 3933 700 3983 verebor
713 3949 745 3979 =
759 3931 865 3984 nisime
880 3931 979 3984 vereri.
993 3963 1025 3973 -
1058 3932 1138 3985 Video
1155 3944 1182 3984 ts
1196 3935 1297 4003 r'rrgem.

280 3995 378 4061 πάσας.
411 3997 588 4050 Haec‘verbe
606 3998 737 4063 schith,
755 4013 841 4068 quum
857 3999 884 4051 in
900 3997 1099 4053 hocorntionis
1117 4009 1255 4054 contextu
1270 3997 1336 4055 nullo

280 4061 365 4117 modo
383 4078 416 4115 ex
437 4063 515 4116 liceri
530 4063 651 4133 possint,
677 4061 882 4181 transponenda
899 4065 1004 4119 sensuit
1023 4061 1058 4116 ad
1075 4064 1160 4120 finem
1180 4065 1266 4140 epist.
1284 4069 1338 4139 poti

281 4129 383 4186 teubas
432 4128 622 4199 erepublica.
640 4160 672 4172 --
715 4132 739 4181 si
789 4129 815 4182 ἐν
830 4130 877 4198 ciis
895 4129 985 4199 ἔζησαν
1010 4129 1027 4186 i.
1042 4143 1068 4186 ο.
1088 4131 1113 4185 ti
1134 4147 1204 4187 vero
1222 4133 1253 4189 in
1271 4141 1338 4189 im!
