2768 4866
517 289 580 351 ΗΒ.
601 278 631 348 Ι.’
662 286 714 349 ΕΡ.
735 286 777 348 lv.
857 324 860 331 ·
1139 279 1186 348 53

125 473 340 541 amolestia:
372 470 536 558 perspicis
556 468 728 556 proiecto,
757 486 968 554 ecquaenam·
983 468 1082 537 nobis
1104 486 1186 557 spes

124 579 244 647 salotis
263 579 482 665 relinquatur.
529 568 619 641 Nam
638 568 694 639 me
713 572 916 660 Pomponius
937 579 972 642 et
992 572 1131 643 Sestius
1152 580 1189 641 et

124 688 355 755 Pisornoster
390 681 500 748 adhuc
530 679 796 749 Thessalonicae
826 681 1054 769 retinuerunt,
1089 699 1188 767 quum

123 795 260 883 longius
283 789 459 859 discedere
480 791 619 876 propter
638 788 755 856 nescio
781 805 866 875 quos
886 793 996 854 motus
1018 792 1187 856 vetarent.

124 895 259 966 Verum„
281 917 349 986 ego
375 896 486 986 magis
518 896 645 961 exitum
674 894 804 960 illorum
832 894 961 984 literis,
998 914 1096 982 quam
1127 913 1190 983 spe

126 1014 220 1075 certa
246 1003 497 1092 exspectabam.
546 1002 636 1069 Nam
664 998 743 1086 quid
771 1016 925 1088 sperem,
953 999 1190 1086 potentissimo

126 1114 278 1200 inimico,
301 1110 526 1177 dominatione
546 1107 832 1194 obtrectatorum,
853 1104 1045 1173 infidelibus
1063 1107 1191 1195 amicis,

127 1218 278 1303 plurimis
297 1207 453 1285 invidisi
504 1217 559 1284 lle
584 1211 686 1282 novis
707 1213 819 1277 autem
840 1209 983 1278 tribunis
1004 1210 1115 1297 plebis
1139 1218 1194 1281 est
1236 1196 1270 1263 3·

129 1323 188 1389 ille
215 1321 345 1409 quidem
373 1324 408 1388 in
437 1339 490 1388 me
520 1318 788 1387 officiosissimus
818 1314 957 1385 Sestius
985 1323 1037 1406 et,
1058 1325 1193 1406 spero,

128 1425 269 1512 Curius,
290 1426 390 1511 Milo,
411 1424 539 1491 Fadius
546 1446 559 1512 ‚·
573 1423 770 1512 Fabricius3
792 1421 855 1489 sed
870 1421 973 1489 valdo
987 1423 1194 1491 adversante

127 1531 269 1621 Clodio,
301 1532 357 1618 qui
384 1530 486 1595 etiam
503 1529 668 1614 privatus
696 1529 815 1599 eadem
842 1548 942 1597 manu
962 1532 1088 1617 poterit
1107 1552 1192 1600 con-

128 1641 245 1706 ciones
274 1637 463 1723 concitare,
495 1634 617 1702 deinde
644 1638 748 1704 ‘etiam
775 1638 983 1706 intercessor
1009 1637 1192 1724 parabitur.

128 1745 229 1810 llaec
247 1741 327 1808 mihi
347 1741 574 1827 proficiscenti
592 1761 661 1809 non
681 1744 973 1831 proponebantur:
1008 1744 1196 1830 sedsaepe
1238 1733 1277 1798 4·

130 1849 241 1916 triduo
263 1866 391 1914 summa
412 1867 486 1914 cum
505 1847 620 1936 gloria
633 1846 768 1917 dicebar
784 1868 864 1918 esse
881 1850 1064 1918 rediturus.
1107 1849 1196 1933 Quid

132 1961 169 2021 tu
190 1944 328 2043 igitur‘i
356 1954 499 2039 inquies.
551 1944 669 2036 Quill
700 1956 805 2023 multa
825 1959 1058 2025 convenerunt
1066 1974 1081 2045 ,‘
1108 1972 1196 2042 quae

127 2066 273 2129 mentem
301 2060 521 2128 exturbarent
548 2079 675 2128 meam:
710 2060 823 2129 subita
848 2060 994 2140 defectio
1021 2060 1193 2146 Pompeii,

130 2167 289 2236 alienatio
312 2166 501 2255 consulum,
523 2167 853 2257 europaeorum,
874 2169 971 2236 timor
990 2167 1191 2254 publicano-

128 2377 147 2409 α
162 2358 294 2419 molestia,
311 2373 347 2411 ne
362 2356 390 2410 iu
402 2357 532 2411 iudicium
540 2355 760 2429 repetundarum
772 2359 877 2413 voceris
891 2373 908 2412 a
922 2356 1112 2413 Clodianis-
1153 2372 1193 2408 or-

116 2425 208 2494 ·spr'or'r
221 2422 309 2491 prof..
334 2423 398 2497 quia
416 2423 467 2477 ribi
485 2423 571 2477 otium
590 2433 632 2477 est
648 2422 683 2477 de
701 2422 786 2478 rebus
802 2423 904 2478 nostris
920 2423 1065 2505 cogitandi.
1088 2424 1123 2476 So
1141 2426 1193 2476 rita.

128 2520 167 2535 ..·
178 2490 207 2544 P.
220 2491 337 2559 Seruios,
353 2489 482 2544 tribunus
495 2490 535 2561 pl.
551 2487 608 2544 desi
627 2499 717 2547 natus.
732 2521 765 2535 -
798 2491 830 2545 C.
840 2491 1008 2562 Calpurnius
1022 2490 1082 2541 Piso
1097 2487 1184 2559 Frugi

130 2554 272 2612 Ciceronis
294 2571 396 2628 gener,
418 2557 550 2633 quiante
572 2507 692 2611 reiitnrn
707 2555 782 2610 illius
800 2554 875 2614 obiit.
925 2556 967 2612 Cf.
989 2551 1024 2606 ad
1042 2557 1099 2609 Art.
1126 2527 1195 2621 hi

128 2631 200 2676 extr.
215 2652 248 2664 -
281 2625 449 2674 retr'noeront
462 2621 548 2676 rntsll.
566 2622 651 2677 literas
670 2626 726 2674 sur‘s
735 2641 748 2685 ‚·
771 2640 834 2676 narn
850 2621 890 2675 illi
908 2631 965 2677 tres
980 2621 1084 2674 Rornae
1106 2628 1194 2672 erant.

129 2719 163 2732 -
179 2687 424 2753 metuendumne,
450 2704 504 2760 pro
526 2697 570 2742 ter
612 2705 663 2742 uos
683 2689 846 2742 Ciceronem
865 2698 1025 2751 revocatum
1045 2683 1081 2740 iri
1100 2701 1113 2738 s
1135 2700 1194 2738 era·

129 2753 207 2806 bant.
234 2753 280 2808 cf.
295 2751 330 2805 ad
343 2757 400 2808 dtr.
417 2754 479 2825 ii‚7
505 2705 540 2808 g·
624 2771 684 2823 3¹⁰
698 2755 755 2810 init.
763 2773 773 2822 ς
794 2754 824 2808 ι3
834 2754 940 2810 inia-
973 2755 1073 2806 exitum
1085 2751 1107 2802 il
1117 2768 1194 2802 oram

130 2828 262 2874 motuum.
274 2849 308 2863 -
341 2820 457 2881 r‘m'mr'oo,
474 2793 506 2876 13.
519 2791 747 2881 Clodiotribuno
761 2820 800 2891 pl.
816 2851 849 2862 -
879 2821 1100 2880 obtrectatorum,
1115 2817 1194 2869 Pom·

131 2883 201 2956 prii,
225 2883 350 2939 Caesaris
368 2894 396 2937 at
414 2884 522 2950 Crassi,
548 2887 597 2957 qui
620 2885 761 2940 Ciceronis
782 2883 905 2956 dignitati
926 2884 1114 2938 obtrectantes
1130 2883 1194 2938 Clo·

130 2951 206 3004 dium
220 2950 360 3005 foverunt.
373 2982 407 2996 -
436 2951 561 3020 plurimis
576 2955 648 3015 riso..
666 2953 750 3024 vulgo
766 2948 871 3005 editur’:
888 2952 1010 3021 pluribus
1025 2952 1077 3004 ino.

216 3043 264 3098 ,8.
306 3043 395 3104 norb,
417 3039 444 3094 in
466 3057 568 3122 annum
588 3052 750 3122 sequentem
776 3040 831 3095 desi
852 3043 930 3122 natis.
951 3074 986 3122 .'.''
1030 3053 1073 3105 et,
1097 3038 1193 3107 spero,

128 3108 197 3186 Lam
220 3150 226 3164 .
244 3120 281 3171 et,
298 3120 330 3159 ot
343 3125 428 3177 spero.
439 3141 473 3189 -5
501 3110 597 3160 Currus
611 3109 686 3189 dedit
699 3108 811 3188 Sybrita.
833 3058 870 3162 {a
882 3108 967 3188 Prgh'u
981 3106 1016 3160 sd
1030 3122 1055 3164 a.
1069 3108 1119 3179 696
1134 3122 1194 3159 sen·

128 3173 1193 3320 lilii.llil-¹¹titiliaitilttil·qiitb..⁶“itt.⁸.lif‘sllr.3f‘3;

127 3306 250 3358 Murena
264 3306 323 3364 Css.
338 3302 434 3358 deinde
447 3304 576 3359 tribunus
611 3305 681 3359 lebrs
698 3309 728 3360 Ρ.
741 3305 860 3360 Lentulo
873 3305 1064 3376 Spinthere²et
1073 3303 1193 3356 Coeerlro

128 3371 246 3423 Metello
263 3371 321 3430 Css.
336 3403 369 3416 -
402 3371 552 3427 'I'.Annius
596 3373 649 3432 iio,
667 3388 751 3444 quem
765 3381 862 3442 postea
877 3372 1001 3426 oratione
1017 3367 1193 3422 defendit.-

129 3436 163 3515 T.
183 3437 291 3518 Fadius.
326 3435 405 3515 maed
424 3440 481 3492 Att.
497 3436 529 3516 β,
545 3437 628 3506 23‚4.
643 3471 684 3516 ⁰-
718 3439 752 3519 Q.
768 3439 916 3491 Fabricios.
946 3456 971 3495 r.
992 3453 1048 3515 pro
1060 3435 1191 3516 §eutii

130 3501 188 3555 soc·
203 3498 238 3553 de
256 3500 372 3554 Manutn
388 3512 522 3557 sententia
537 3513 663 3575 reposuit
680 3503 790 3564 Schutn
806 3521 860 3574 pro
879 3503 951 3573 vulg.
967 3501 1113 3555 Grotodrua.
1149 3500 1191 3554 Cf.

128 3568 161 3621 Pi
181 3567 208 3624 b.
228 3566 328 3619 Annal.
342 3575 366 3626 3.
414 3567 492 3636 ..⁹274
512 3601 543 3611 -
582 3583 724 3639 precatus,
750 3580 813 3641 post
834 3579 940 3641 gestum
963 3566 1143 3621 tribunatum.
1160 3599 1192 3610 -

131 3585 220 3686 eciem
234 3650 332 3694 osone,
348 3583 433 3686 turio
448 3633 594 3692 hominum.
609 3669 642 3681 --
676 3638 844 3698 intercessor,
862 3653 895 3687 ex
910 3635 975 3704 ipsis
988 3631 1107 3687 tribunis
1120 3633 1159 3707 pl.

197 3734 221 3796 §-
238 3728 263 3795 4.
298 3745 351 3779 nort
364 3744 476 3796 propos.
511 3728 609 3782 Cicero
626 3729 750 3802 equiturn
766 3726 862 3799 studiis
876 3726 1046 3793 confidebat,
1070 3743 1192 3799 quorum

131 3794 213 3848 etiam
229 3791 375 3848 multitudo
390 3793 417 3846 in
434 3792 601 3865 Capitolium
615 3795 757 3861 convenit,
774 3805 802 3848 et
818 3795 922 3866 legatos
938 3811 993 3864 pro
1008 3793 1142 3849 Cicerone
1156 3791 1192 3846 ad

130 3860 306 3914 consuleret
329 3870 455 3914 senatum
477 3858 559 3912 misit.
590 3860 643 3912 Dio
659 3860 799 3926 Cass.38‚
817 3860 854 3915 rb.
871 3889 904 3902 -
938 3861 1009 3924 Quid
1030 3871 1091 3912 scr
1118 3858 1193 3910 'tort

130 3923 278 3992 credidisti,
295 3936 323 3981 te
335 3925 431 3980 triduo
444 3924 610 3979 rediturum.
622 3958 656 3968 -
688 3925 1025 3980 martaronensem&
1045 3941 1074 3979 se
1095 3940 1112 3978 e
1132 3939 1191 3988 sus,

128 3991 147 4046 i.
163 4008 189 4046 e.
205 4007 285 4043 omne
300 3992 365 4045 mihi
380 3991 524 4047 consilium
537 3991 686 4064 eriperent.
699 4023 732 4036 -
763 3991 826 4044 Non
839 4003 899 4061 orat
913 4010 966 4046 cur
978 3993 1085 4047 Ernest.
1101 4004 1191 4043 emen·

129 4056 198 4111 dare
207 4058 302 4110 vallet:
316 4060 514 4114 concordarent.
525 4089 557 4103 -
581 4059 730 4121 censalem,
738 4057 884 4112 Pisonioec
891 4058 1009 4126 Gabinii,
1022 4059 1071 4131 qui
1084 4071 1114 4108 se
1129 4063 1191 4106 snte

129 4122 244 4197 opitime
257 4123 441 4182 ostenderant.
470 4144 488 4179 r
502 4141 589 4198 supra
604 4141 649 4197 ep.
663 4141 694 4194 a,
713 4125 752 4184 16.
762 4158 796 4171 -
829 4130 909 4179 esrom
919 4137 1094 4198 praetorum,
1111 4121 1193 4172 rabor
