<?xml version="1.0" encoding="UTF-8"?>
<!DOCTYPE html PUBLIC "-//W3C//DTD XHTML 1.0 Transitional//EN"
    "http://www.w3.org/TR/xhtml1/DTD/xhtml1-transitional.dtd">
<html xmlns="http://www.w3.org/1999/xhtml" xml:lang="en" lang="en">
 <head>
  <title>
</title>
<meta http-equiv="Content-Type" content="text/html;charset=utf-8" />
  <meta name='ocr-system' content='tesseract 3.04.00' />
  <meta name='ocr-capabilities' content='ocr_page ocr_carea ocr_par ocr_line ocrx_word'/>
</head>
<body>
  <div class='ocr_page' id='page_1' title='image "./mtulliiciceroni36cicegoog_0108.png"; bbox 0 0 2768 4866; ppageno 0'>
   <div class='ocr_carea' id='block_1_1' title="bbox 197 217 1126 297">
    <p class='ocr_par' dir='ltr' id='par_1_1' title="bbox 197 217 1126 297">
     <span class='ocr_line' id='line_1_1' title="bbox 197 217 1126 297; baseline 0.006 -16"><span class='ocrx_word' id='word_1_1' title='bbox 197 217 247 289; x_wconf 75' lang='grc'>90</span> <span class='ocrx_word' id='word_1_2' title='bbox 342 223 379 282; x_wconf 85' lang='grc' dir='ltr'>Μ.</span> <span class='ocrx_word' id='word_1_3' title='bbox 400 222 430 282; x_wconf 88' lang='grc' dir='ltr'>Τ.</span> <span class='ocrx_word' id='word_1_4' title='bbox 452 220 635 284; x_wconf 80' lang='lat' dir='ltr'>CICERONIS</span> <span class='ocrx_word' id='word_1_5' title='bbox 655 222 808 287; x_wconf 80' lang='lat' dir='ltr'>utlstot.</span> <span class='ocrx_word' id='word_1_6' title='bbox 829 223 878 287; x_wconf 81' lang='lat' dir='ltr'>Al)</span> <span class='ocrx_word' id='word_1_7' title='bbox 898 223 931 297; x_wconf 82' lang='lat' dir='ltr'>Q.</span> <span class='ocrx_word' id='word_1_8' title='bbox 952 224 1126 287; x_wconf 79' lang='lat' dir='ltr'><strong>FRATREM</strong></span> 
     </span>
    </p>
   </div>
   <div class='ocr_carea' id='block_1_2' title="bbox 143 400 1260 1774">
    <p class='ocr_par' dir='ltr' id='par_1_2' title="bbox 143 400 1260 1774">
     <span class='ocr_line' id='line_1_2' title="bbox 197 400 1260 492; baseline 0 -22"><span class='ocrx_word' id='word_1_9' title='bbox 197 401 303 488; x_wconf 89' lang='lat' dir='ltr'>enim,</span> <span class='ocrx_word' id='word_1_10' title='bbox 331 402 397 468; x_wconf 90' lang='lat' dir='ltr'>hoe</span> <span class='ocrx_word' id='word_1_11' title='bbox 422 417 554 490; x_wconf 83' lang='lat' dir='ltr'><strong>genere</strong></span> <span class='ocrx_word' id='word_1_12' title='bbox 573 400 708 469; x_wconf 78' lang='lat' dir='ltr'>dicendi</span> <span class='ocrx_word' id='word_1_13' title='bbox 727 401 758 468; x_wconf 91' lang='lat' dir='ltr'>si</span> <span class='ocrx_word' id='word_1_14' title='bbox 780 405 857 468; x_wconf 85' lang='lat' dir='ltr'>utar</span> <span class='ocrx_word' id='word_1_15' title='bbox 876 403 911 472; x_wconf 91' lang='lat' dir='ltr'>in</span> <span class='ocrx_word' id='word_1_16' title='bbox 930 403 1079 492; x_wconf 79' lang='lat' dir='ltr'>ueteris,</span> <span class='ocrx_word' id='word_1_17' title='bbox 1109 402 1260 470; x_wconf 83' lang='lat' dir='ltr'>Eehrno-</span> 
     </span>
     <span class='ocr_line' id='line_1_3' title="bbox 196 508 1260 600; baseline 0.002 -24"><span class='ocrx_word' id='word_1_18' title='bbox 196 510 281 576; x_wconf 84' lang='lat' dir='ltr'>rium</span> <span class='ocrx_word' id='word_1_19' title='bbox 293 508 442 576; x_wconf 89' lang='lat' dir='ltr'>sterilem</span> <span class='ocrx_word' id='word_1_20' title='bbox 458 509 621 575; x_wconf 81' lang='lat' dir='ltr'>iuturnmr</span> <span class='ocrx_word' id='word_1_21' title='bbox 643 527 785 596; x_wconf 83' lang='lat' dir='ltr'>eumque</span> <span class='ocrx_word' id='word_1_22' title='bbox 805 509 873 577; x_wconf 87' lang='lat' dir='ltr'>lusi</span> <span class='ocrx_word' id='word_1_23' title='bbox 891 510 1008 578; x_wconf 91' lang='lat' dir='ltr'>ioeose</span> <span class='ocrx_word' id='word_1_24' title='bbox 1023 511 1137 600; x_wconf 83' lang='lat' dir='ltr'>satis,</span> <span class='ocrx_word' id='word_1_25' title='bbox 1158 529 1260 598; x_wconf 85' lang='lat' dir='ltr'>neque</span> 
     </span>
     <span class='ocr_line' id='line_1_4' title="bbox 195 614 1259 706; baseline 0.005 -25"><span class='ocrx_word' id='word_1_26' title='bbox 195 614 305 681; x_wconf 90' lang='lat' dir='ltr'>solum</span> <span class='ocrx_word' id='word_1_27' title='bbox 325 614 406 680; x_wconf 90' lang='lat' dir='ltr'>illud</span> <span class='ocrx_word' id='word_1_28' title='bbox 435 617 565 682; x_wconf 84' lang='lat' dir='ltr'><strong>extorsi</strong></span> <span class='ocrx_word' id='word_1_29' title='bbox 593 615 806 704; x_wconf 84' lang='lat' dir='ltr'><strong>oppidulum,</strong></span> <span class='ocrx_word' id='word_1_30' title='bbox 835 616 1025 703; x_wconf 88' lang='lat' dir='ltr'>quoderat</span> <span class='ocrx_word' id='word_1_31' title='bbox 1052 620 1259 706; x_wconf 88' lang='lat' dir='ltr'>positumiu</span> 
     </span>
     <span class='ocr_line' id='line_1_5' title="bbox 195 721 1258 813; baseline 0.004 -26"><span class='ocrx_word' id='word_1_32' title='bbox 195 721 362 809; x_wconf 73' lang='lat' dir='ltr'>Euphrati</span> <span class='ocrx_word' id='word_1_33' title='bbox 388 722 601 812; x_wconf 82' lang='lat' dir='ltr'>Zeugmate:</span> <span class='ocrx_word' id='word_1_34' title='bbox 634 722 696 790; x_wconf 88' lang='lat' dir='ltr'>sed</span> <span class='ocrx_word' id='word_1_35' title='bbox 726 728 907 810; x_wconf 90' lang='lat' dir='ltr'>praeterea</span> <span class='ocrx_word' id='word_1_36' title='bbox 936 729 1055 813; x_wconf 84' lang='lat' dir='ltr'>togam</span> <span class='ocrx_word' id='word_1_37' title='bbox 1082 746 1162 793; x_wconf 89' lang='lat' dir='ltr'>sum</span> <span class='ocrx_word' id='word_1_38' title='bbox 1192 726 1258 793; x_wconf 88' lang='lat' dir='ltr'>eius</span> 
     </span>
     <span class='ocr_line' id='line_1_6' title="bbox 192 829 1258 922; baseline 0.002 -26"><span class='ocrx_word' id='word_1_39' title='bbox 192 833 422 916; x_wconf 81' lang='lat' dir='ltr'>praetextam,</span> <span class='ocrx_word' id='word_1_40' title='bbox 438 849 534 917; x_wconf 86' lang='lat' dir='ltr'>quam</span> <span class='ocrx_word' id='word_1_41' title='bbox 550 833 624 895; x_wconf 89' lang='lat' dir='ltr'>erat</span> <span class='ocrx_word' id='word_1_42' title='bbox 638 829 783 916; x_wconf 81' lang='lat' dir='ltr'>adeptus</span> <span class='ocrx_word' id='word_1_43' title='bbox 798 829 949 899; x_wconf 84' lang='lat' dir='ltr'>Caesare</span> <span class='ocrx_word' id='word_1_44' title='bbox 964 831 1125 922; x_wconf 82' lang='lat' dir='ltr'>consule,</span> <span class='ocrx_word' id='word_1_45' title='bbox 1139 851 1258 920; x_wconf 82' lang='lat' dir='ltr'>magno</span> 
     </span>
     <span class='ocr_line' id='line_1_7' title="bbox 143 934 1256 1027; baseline 0.006 -30"><span class='ocrx_word' id='word_1_46' title='bbox 143 978 152 997; x_wconf 89' lang='lat'><strong>.</strong></span> <span class='ocrx_word' id='word_1_47' title='bbox 193 938 360 1004; x_wconf 93' lang='lat' dir='ltr'>hominum</span> <span class='ocrx_word' id='word_1_48' title='bbox 381 939 452 1003; x_wconf 91' lang='lat' dir='ltr'>risu</span> <span class='ocrx_word' id='word_1_49' title='bbox 474 935 662 1002; x_wconf 73' lang='lat' dir='ltr'>cauillatus.</span> <span class='ocrx_word' id='word_1_50' title='bbox 713 934 837 1020; x_wconf 70' lang='lat' dir='ltr'>»Quod</span> <span class='ocrx_word' id='word_1_51' title='bbox 857 937 950 1027; x_wconf 86' lang='lat' dir='ltr'>vult,</span> <span class='ocrx_word' id='word_1_52' title='bbox 978 938 1136 1026; x_wconf 87' lang='lat' dir='ltr'>inquam,</span> <span class='ocrx_word' id='word_1_53' title='bbox 1159 956 1256 1005; x_wconf 90' lang='lat' dir='ltr'>reno·</span> 
     </span>
     <span class='ocr_line' id='line_1_8' title="bbox 193 1041 1257 1131; baseline -0.002 -19"><span class='ocrx_word' id='word_1_54' title='bbox 193 1062 277 1112; x_wconf 88' lang='lat' dir='ltr'>vare</span> <span class='ocrx_word' id='word_1_55' title='bbox 303 1044 451 1111; x_wconf 87' lang='lat' dir='ltr'>honores</span> <span class='ocrx_word' id='word_1_56' title='bbox 478 1042 635 1130; x_wconf 82' lang='lat' dir='ltr'>eosdem,</span> <span class='ocrx_word' id='word_1_57' title='bbox 668 1060 734 1129; x_wconf 84' lang='lat' dir='ltr'>quo</span> <span class='ocrx_word' id='word_1_58' title='bbox 764 1041 875 1109; x_wconf 89' lang='lat' dir='ltr'>minus</span> <span class='ocrx_word' id='word_1_59' title='bbox 902 1047 1019 1131; x_wconf 83' lang='lat' dir='ltr'>togam</span> <span class='ocrx_word' id='word_1_60' title='bbox 1049 1047 1257 1130; x_wconf 82' lang='lat' dir='ltr'>praetextam</span> 
     </span>
     <span class='ocr_line' id='line_1_9' title="bbox 193 1146 1256 1238; baseline 0.001 -22"><span class='ocrx_word' id='word_1_61' title='bbox 193 1148 373 1238; x_wconf 83' lang='lat' dir='ltr'>quotannis</span> <span class='ocrx_word' id='word_1_62' title='bbox 394 1147 593 1236; x_wconf 85' lang='lat' dir='ltr'>interpolet,</span> <span class='ocrx_word' id='word_1_63' title='bbox 622 1146 871 1215; x_wconf 76' lang='lat' dir='ltr'>decernendum</span> <span class='ocrx_word' id='word_1_64' title='bbox 890 1149 974 1215; x_wconf 90' lang='lat' dir='ltr'>nihil</span> <span class='ocrx_word' id='word_1_65' title='bbox 995 1168 1137 1217; x_wconf 69' lang='lat' dir='ltr'>censeo,</span> <span class='ocrx_word' id='word_1_66' title='bbox 1192 1151 1256 1217; x_wconf 85' lang='lat' dir='ltr'>Vos</span> 
     </span>
     <span class='ocr_line' id='line_1_10' title="bbox 192 1253 1257 1344; baseline 0.003 -22"><span class='ocrx_word' id='word_1_67' title='bbox 192 1259 305 1324; x_wconf 84' lang='lat' dir='ltr'>autem</span> <span class='ocrx_word' id='word_1_68' title='bbox 332 1253 485 1321; x_wconf 91' lang='lat' dir='ltr'>homines</span> <span class='ocrx_word' id='word_1_69' title='bbox 511 1254 666 1344; x_wconf 79' lang='lat' dir='ltr'>nobiles,</span> <span class='ocrx_word' id='word_1_70' title='bbox 697 1254 755 1343; x_wconf 86' lang='lat' dir='ltr'>qui</span> <span class='ocrx_word' id='word_1_71' title='bbox 780 1254 985 1325; x_wconf 86' lang='lat' dir='ltr'>Bostrenum</span> <span class='ocrx_word' id='word_1_72' title='bbox 1009 1261 1257 1344; x_wconf 79' lang='lat' dir='ltr'>praetextatum</span> 
     </span>
     <span class='ocr_line' id='line_1_11' title="bbox 192 1353 1256 1450; baseline 0 -22"><span class='ocrx_word' id='word_1_73' title='bbox 192 1381 261 1428; x_wconf 91' lang='lat' dir='ltr'>non</span> <span class='ocrx_word' id='word_1_74' title='bbox 282 1360 464 1450; x_wconf 82' lang='lat' dir='ltr'>ferebatis,</span> <span class='ocrx_word' id='word_1_75' title='bbox 494 1359 757 1448; x_wconf 79' lang='lat' dir='ltr'>Commagenum</span> <span class='ocrx_word' id='word_1_76' title='bbox 783 1353 962 1430; x_wconf 73' lang='lat' dir='ltr'>feretrato</span> <span class='ocrx_word' id='word_1_77' title='bbox 1016 1362 1138 1431; x_wconf 80' lang='lat' dir='ltr'>Genus</span> <span class='ocrx_word' id='word_1_78' title='bbox 1168 1364 1256 1431; x_wconf 90' lang='lat' dir='ltr'>vides</span> 
     </span>
     <span class='ocr_line' id='line_1_12' title="bbox 193 1467 1256 1560; baseline 0 -25"><span class='ocrx_word' id='word_1_79' title='bbox 193 1471 232 1535; x_wconf 88' lang='lat' dir='ltr'>et</span> <span class='ocrx_word' id='word_1_80' title='bbox 252 1468 361 1534; x_wconf 87' lang='lat' dir='ltr'>locum</span> <span class='ocrx_word' id='word_1_81' title='bbox 382 1467 525 1535; x_wconf 82' lang='lat' dir='ltr'>iocandi.</span> <span class='ocrx_word' id='word_1_82' title='bbox 565 1468 675 1536; x_wconf 87' lang='lat' dir='ltr'>Multa</span> <span class='ocrx_word' id='word_1_83' title='bbox 691 1469 761 1536; x_wconf 88' lang='lat' dir='ltr'>dixi</span> <span class='ocrx_word' id='word_1_84' title='bbox 777 1470 812 1537; x_wconf 90' lang='lat' dir='ltr'>in</span> <span class='ocrx_word' id='word_1_85' title='bbox 825 1468 1010 1559; x_wconf 75' lang='lat' dir='ltr'>ignobilem</span> <span class='ocrx_word' id='word_1_86' title='bbox 1024 1487 1168 1560; x_wconf 82' lang='lat' dir='ltr'>regem,</span> <span class='ocrx_word' id='word_1_87' title='bbox 1191 1471 1256 1557; x_wconf 86' lang='lat' dir='ltr'>qui·</span> 
     </span>
     <span class='ocr_line' id='line_1_13' title="bbox 192 1574 1256 1667; baseline 0 -25"><span class='ocrx_word' id='word_1_88' title='bbox 192 1574 255 1642; x_wconf 87' lang='lat' dir='ltr'>bus</span> <span class='ocrx_word' id='word_1_89' title='bbox 274 1579 367 1643; x_wconf 88' lang='lat' dir='ltr'>totus</span> <span class='ocrx_word' id='word_1_90' title='bbox 388 1583 443 1644; x_wconf 89' lang='lat' dir='ltr'>est</span> <span class='ocrx_word' id='word_1_91' title='bbox 459 1577 632 1664; x_wconf 89' lang='lat' dir='ltr'>explosus.</span> <span class='ocrx_word' id='word_1_92' title='bbox 668 1577 740 1661; x_wconf 78' lang='lat' dir='ltr'>Quo</span> <span class='ocrx_word' id='word_1_93' title='bbox 756 1595 888 1665; x_wconf 86' lang='lat' dir='ltr'>genere</span> <span class='ocrx_word' id='word_1_94' title='bbox 905 1581 1111 1667; x_wconf 82' lang='lat' dir='ltr'>commotus,</span> <span class='ocrx_word' id='word_1_95' title='bbox 1127 1582 1169 1662; x_wconf 90' lang='lat' dir='ltr'>ut</span> <span class='ocrx_word' id='word_1_96' title='bbox 1184 1577 1256 1666; x_wconf 85' lang='lat' dir='ltr'>dixi,</span> 
     </span>
     <span class='ocr_line' id='line_1_14' title="bbox 192 1682 1257 1774; baseline 0.003 -25"><span class='ocrx_word' id='word_1_97' title='bbox 192 1684 342 1774; x_wconf 85' lang='lat' dir='ltr'>Appius,</span> <span class='ocrx_word' id='word_1_98' title='bbox 366 1688 471 1750; x_wconf 90' lang='lat' dir='ltr'>totum</span> <span class='ocrx_word' id='word_1_99' title='bbox 492 1702 545 1751; x_wconf 91' lang='lat' dir='ltr'>me</span> <span class='ocrx_word' id='word_1_100' title='bbox 565 1683 788 1771; x_wconf 77' lang='lat' dir='ltr'>amplexatur.</span> <span class='ocrx_word' id='word_1_101' title='bbox 827 1682 922 1750; x_wconf 89' lang='lat' dir='ltr'>Nihil</span> <span class='ocrx_word' id='word_1_102' title='bbox 943 1686 999 1752; x_wconf 90' lang='lat' dir='ltr'>est</span> <span class='ocrx_word' id='word_1_103' title='bbox 1018 1683 1110 1751; x_wconf 90' lang='lat' dir='ltr'>enim</span> <span class='ocrx_word' id='word_1_104' title='bbox 1130 1683 1257 1752; x_wconf 81' lang='lat' dir='ltr'>fortius</span> 
     </span>
    </p>
   </div>
   <div class='ocr_carea' id='block_1_3' title="bbox 190 1968 1258 2419">
    <p class='ocr_par' dir='ltr' id='par_1_3' title="bbox 190 1968 1258 2419">
     <span class='ocr_line' id='line_1_15' title="bbox 190 1968 1258 2114; baseline 0.001 -25"><span class='ocrx_word' id='word_1_105' title='bbox 190 1969 513 2106; x_wconf 59' lang='lat' dir='ltr'>lttltfpltttftt</span> <span class='ocrx_word' id='word_1_106' title='bbox 531 2009 574 2078; x_wconf 84' lang='grc'><em>·.··</em></span> <span class='ocrx_word' id='word_1_107' title='bbox 595 1968 1258 2114; x_wconf 59' lang='lat' dir='ltr'>litttttt,ttt‘ltl&#39;dtttdrdhtlt</span> 
     </span>
     <span class='ocr_line' id='line_1_16' title="bbox 191 2097 1258 2175; baseline 0.002 -21"><span class='ocrx_word' id='word_1_108' title='bbox 191 2101 298 2154; x_wconf 83' lang='lat' dir='ltr'>ciarum</span> <span class='ocrx_word' id='word_1_109' title='bbox 313 2101 519 2172; x_wconf 75' lang='lat' dir='ltr'>legationesque</span> <span class='ocrx_word' id='word_1_110' title='bbox 539 2097 724 2154; x_wconf 78' lang='lat' dir='ltr'>audiebantur</span> <span class='ocrx_word' id='word_1_111' title='bbox 730 2119 739 2168; x_wconf 69' lang='grc' dir='ltr'><strong>ς</strong></span> <span class='ocrx_word' id='word_1_112' title='bbox 762 2119 788 2155; x_wconf 85' lang='lat' dir='ltr'>v.</span> <span class='ocrx_word' id='word_1_113' title='bbox 804 2102 837 2154; x_wconf 89' lang='lat' dir='ltr'>ad</span> <span class='ocrx_word' id='word_1_114' title='bbox 850 2099 904 2157; x_wconf 82' lang='lat' dir='ltr'>diu.</span> <span class='ocrx_word' id='word_1_115' title='bbox 918 2121 948 2165; x_wconf 82' lang='grc' dir='ltr'>ι,</span> <span class='ocrx_word' id='word_1_116' title='bbox 961 2106 987 2170; x_wconf 81' lang='grc'>4.</span> <span class='ocrx_word' id='word_1_117' title='bbox 1000 2108 1026 2170; x_wconf 70' lang='grc' dir='ltr'>ς.</span> <span class='ocrx_word' id='word_1_118' title='bbox 1043 2120 1065 2156; x_wconf 90' lang='grc' dir='ltr'>ι.</span> <span class='ocrx_word' id='word_1_119' title='bbox 1085 2133 1121 2148; x_wconf 88' lang='grc'><strong>-</strong></span> <span class='ocrx_word' id='word_1_120' title='bbox 1155 2121 1258 2175; x_wconf 68' lang='lat' dir='ltr'>cuppae</span> 
     </span>
     <span class='ocr_line' id='line_1_17' title="bbox 191 2167 1257 2240; baseline 0.001 -19"><span class='ocrx_word' id='word_1_121' title='bbox 191 2168 451 2237; x_wconf 74' lang='lat' dir='ltr'>sucommagenum</span> <span class='ocrx_word' id='word_1_122' title='bbox 466 2182 570 2240; x_wconf 84' lang='lat' dir='ltr'>regem.</span> <span class='ocrx_word' id='word_1_123' title='bbox 585 2199 620 2212; x_wconf 88' lang='lat'><em>-</em></span> <span class='ocrx_word' id='word_1_124' title='bbox 661 2169 688 2219; x_wconf 80' lang='lat' dir='ltr'>ia</span> <span class='ocrx_word' id='word_1_125' title='bbox 704 2168 839 2238; x_wconf 73' lang='lat' dir='ltr'>Euphrati</span> <span class='ocrx_word' id='word_1_126' title='bbox 850 2169 903 2220; x_wconf 87' lang='lat' dir='ltr'>Zeu</span> <span class='ocrx_word' id='word_1_127' title='bbox 969 2180 1001 2232; x_wconf 78' lang='lat' dir='ltr'>te.</span> <span class='ocrx_word' id='word_1_128' title='bbox 1036 2167 1086 2224; x_wconf 80' lang='lat' dir='ltr'>sie</span> <span class='ocrx_word' id='word_1_129' title='bbox 1106 2169 1198 2225; x_wconf 83' lang='lat' dir='ltr'>OrelL</span> <span class='ocrx_word' id='word_1_130' title='bbox 1227 2185 1257 2230; x_wconf 80' lang='lat' dir='ltr'>sn</span> 
     </span>
     <span class='ocr_line' id='line_1_18' title="bbox 191 2229 1255 2306; baseline 0.002 -20"><span class='ocrx_word' id='word_1_131' title='bbox 191 2229 428 2286; x_wconf 66' lang='lat' dir='ltr'>certaminum</span> <span class='ocrx_word' id='word_1_132' title='bbox 446 2243 557 2287; x_wconf 88' lang='lat' dir='ltr'>secutus</span> <span class='ocrx_word' id='word_1_133' title='bbox 600 2232 648 2287; x_wconf 88' lang='lat' dir='ltr'>ubi</span> <span class='ocrx_word' id='word_1_134' title='bbox 667 2234 706 2285; x_wconf 89' lang='lat' dir='ltr'>Eu</span> <span class='ocrx_word' id='word_1_135' title='bbox 725 2235 801 2286; x_wconf 82' lang='lat' dir='ltr'>hrati</span> <span class='ocrx_word' id='word_1_136' title='bbox 816 2251 871 2306; x_wconf 87' lang='lat' dir='ltr'>pro</span> <span class='ocrx_word' id='word_1_137' title='bbox 915 2235 1038 2304; x_wconf 70' lang='lat' dir='ltr'>uphrutrir</span> <span class='ocrx_word' id='word_1_138' title='bbox 1080 2235 1184 2290; x_wconf 80' lang='lat' dir='ltr'>oritura</span> <span class='ocrx_word' id='word_1_139' title='bbox 1203 2245 1255 2301; x_wconf 83' lang='lat' dir='ltr'>est,</span> 
     </span>
     <span class='ocr_line' id='line_1_19' title="bbox 191 2252 1256 2419; baseline 0.003 -68"><span class='ocrx_word' id='word_1_140' title='bbox 191 2296 226 2352; x_wconf 87' lang='lat' dir='ltr'>de</span> <span class='ocrx_word' id='word_1_141' title='bbox 263 2313 298 2350; x_wconf 89' lang='lat' dir='ltr'>aa</span> <span class='ocrx_word' id='word_1_142' title='bbox 313 2298 421 2371; x_wconf 83' lang='lat' dir='ltr'>genitivi</span> <span class='ocrx_word' id='word_1_143' title='bbox 435 2299 524 2352; x_wconf 81' lang='lat' dir='ltr'>forma</span> <span class='ocrx_word' id='word_1_144' title='bbox 540 2273 575 2354; x_wconf 70' lang='lat' dir='ltr'>od</span> <span class='ocrx_word' id='word_1_145' title='bbox 590 2252 724 2419; x_wconf 61' lang='lat' dir='ltr'>poiseus</span> <span class='ocrx_word' id='word_1_146' title='bbox 737 2300 867 2365; x_wconf 77' lang='grc' dir='ltr'>ι,6,63.</span> <span class='ocrx_word' id='word_1_147' title='bbox 885 2303 978 2355; x_wconf 83' lang='lat' dir='ltr'>Brem.</span> <span class='ocrx_word' id='word_1_148' title='bbox 992 2299 1027 2353; x_wconf 84' lang='lat' dir='ltr'>ad</span> <span class='ocrx_word' id='word_1_149' title='bbox 1068 2317 1116 2372; x_wconf 88' lang='lat' dir='ltr'>ep.</span> <span class='ocrx_word' id='word_1_150' title='bbox 1131 2301 1256 2356; x_wconf 76' lang='lat' dir='ltr'>Themist</span> 
     </span>
    </p>
   </div>
   <div class='ocr_carea' id='block_1_4' title="bbox 185 2362 1254 3031">
    <p class='ocr_par' dir='ltr' id='par_1_4' title="bbox 185 2362 1254 3031">
     <span class='ocr_line' id='line_1_20' title="bbox 193 2362 1254 2438; baseline 0.002 -22"><span class='ocrx_word' id='word_1_151' title='bbox 193 2382 215 2416; x_wconf 86' lang='grc' dir='ltr'>ι.</span> <span class='ocrx_word' id='word_1_152' title='bbox 279 2372 362 2417; x_wconf 87' lang='lat' dir='ltr'>rnest.</span> <span class='ocrx_word' id='word_1_153' title='bbox 380 2362 463 2419; x_wconf 86' lang='lat' dir='ltr'>edidit</span> <span class='ocrx_word' id='word_1_154' title='bbox 485 2368 513 2418; x_wconf 86' lang='lat' dir='ltr'>r&#39;a</span> <span class='ocrx_word' id='word_1_155' title='bbox 533 2370 590 2435; x_wconf 88' lang='lat' dir='ltr'>Eup</span> <span class='ocrx_word' id='word_1_156' title='bbox 609 2378 668 2418; x_wconf 90' lang='lat' dir='ltr'>rate</span> <span class='ocrx_word' id='word_1_157' title='bbox 689 2378 714 2418; x_wconf 89' lang='lat' dir='ltr'>et</span> <span class='ocrx_word' id='word_1_158' title='bbox 735 2367 887 2434; x_wconf 73' lang='lat' dir='ltr'>Zeugmate.</span> <span class='ocrx_word' id='word_1_159' title='bbox 919 2365 1044 2421; x_wconf 86' lang='lat' dir='ltr'>Lambiu.</span> <span class='ocrx_word' id='word_1_160' title='bbox 1065 2370 1092 2418; x_wconf 86' lang='lat' dir='ltr'>r&#39;a</span> <span class='ocrx_word' id='word_1_161' title='bbox 1109 2369 1254 2438; x_wconf 74' lang='lat' dir='ltr'>Euphrate,</span> 
     </span>
     <span class='ocr_line' id='line_1_21' title="bbox 190 2429 1251 2501; baseline 0.007 -21"><span class='ocrx_word' id='word_1_162' title='bbox 190 2431 316 2499; x_wconf 82' lang='lat' dir='ltr'>Zeugma.</span> <span class='ocrx_word' id='word_1_163' title='bbox 356 2429 467 2486; x_wconf 86' lang='lat' dir='ltr'>Sehiita.</span> <span class='ocrx_word' id='word_1_164' title='bbox 486 2435 514 2483; x_wconf 82' lang='lat' dir='ltr'>ia</span> <span class='ocrx_word' id='word_1_165' title='bbox 528 2433 680 2501; x_wconf 72' lang='lat' dir='ltr'>Euphrate,</span> <span class='ocrx_word' id='word_1_166' title='bbox 704 2442 819 2486; x_wconf 82' lang='lat' dir='ltr'>auctore</span> <span class='ocrx_word' id='word_1_167' title='bbox 836 2432 961 2486; x_wconf 88' lang='lat' dir='ltr'>Manutio</span> <span class='ocrx_word' id='word_1_168' title='bbox 980 2431 1072 2486; x_wconf 87' lang='lat' dir='ltr'>deleta</span> <span class='ocrx_word' id='word_1_169' title='bbox 1090 2450 1162 2487; x_wconf 86' lang='lat' dir='ltr'>vooe</span> <span class='ocrx_word' id='word_1_170' title='bbox 1176 2434 1251 2499; x_wconf 71' lang='lat' dir='ltr'>zeup-</span> 
     </span>
     <span class='ocr_line' id='line_1_22' title="bbox 190 2497 1248 2570; baseline 0.003 -24"><span class='ocrx_word' id='word_1_171' title='bbox 190 2508 271 2560; x_wconf 78' lang='lat' dir='ltr'>mate,</span> <span class='ocrx_word' id='word_1_172' title='bbox 286 2506 317 2550; x_wconf 90' lang='lat' dir='ltr'>ut</span> <span class='ocrx_word' id='word_1_173' title='bbox 338 2507 383 2551; x_wconf 91' lang='lat' dir='ltr'>ote</span> <span class='ocrx_word' id='word_1_174' title='bbox 394 2513 426 2551; x_wconf 85' lang='lat' dir='ltr'>ex</span> <span class='ocrx_word' id='word_1_175' title='bbox 437 2497 600 2570; x_wconf 82' lang='lat' dir='ltr'>glossemate</span> <span class='ocrx_word' id='word_1_176' title='bbox 615 2497 714 2553; x_wconf 87' lang='lat' dir='ltr'>addita.</span> <span class='ocrx_word' id='word_1_177' title='bbox 737 2498 769 2551; x_wconf 90' lang='lat' dir='ltr'>ln</span> <span class='ocrx_word' id='word_1_178' title='bbox 782 2498 932 2569; x_wconf 83' lang='lat' dir='ltr'>Euphratis</span> <span class='ocrx_word' id='word_1_179' title='bbox 945 2497 1065 2552; x_wconf 74' lang='lat' dir='ltr'>mansitu</span> <span class='ocrx_word' id='word_1_180' title='bbox 1080 2500 1129 2553; x_wconf 85' lang='lat' dir='ltr'>vel</span> <span class='ocrx_word' id='word_1_181' title='bbox 1143 2497 1176 2552; x_wconf 83' lang='lat' dir='ltr'>ad</span> <span class='ocrx_word' id='word_1_182' title='bbox 1186 2513 1248 2569; x_wconf 88' lang='lat' dir='ltr'>pon·</span> 
     </span>
     <span class='ocr_line' id='line_1_23' title="bbox 189 2514 1244 2638; baseline 0.003 -23"><span class='ocrx_word' id='word_1_183' title='bbox 189 2571 245 2621; x_wconf 84' lang='lat' dir='ltr'>tem</span> <span class='ocrx_word' id='word_1_184' title='bbox 259 2514 396 2634; x_wconf 55' lang='lat' dir='ltr'>Eupzrati</span> <span class='ocrx_word' id='word_1_185' title='bbox 410 2565 529 2634; x_wconf 88' lang='lat' dir='ltr'>positum</span> <span class='ocrx_word' id='word_1_186' title='bbox 543 2574 603 2618; x_wconf 81' lang='lat' dir='ltr'>erat</span> <span class='ocrx_word' id='word_1_187' title='bbox 613 2563 763 2636; x_wconf 88' lang='lat' dir='ltr'>oppidum,</span> <span class='ocrx_word' id='word_1_188' title='bbox 780 2562 844 2617; x_wconf 89' lang='lat' dir='ltr'>iude</span> <span class='ocrx_word' id='word_1_189' title='bbox 858 2564 962 2619; x_wconf 87' lang='lat' dir='ltr'>dietum</span> <span class='ocrx_word' id='word_1_190' title='bbox 976 2565 1100 2638; x_wconf 82' lang='lat' dir='ltr'>Zeugma</span> <span class='ocrx_word' id='word_1_191' title='bbox 1124 2569 1244 2636; x_wconf 61' lang='grc' dir='ltr'>(ζεῦγμα,</span> 
     </span>
     <span class='ocr_line' id='line_1_24' title="bbox 185 2628 1245 2709; baseline 0.003 -30"><span class='ocrx_word' id='word_1_192' title='bbox 185 2646 272 2709; x_wconf 78' lang='lat' dir='ltr'>pour,</span> <span class='ocrx_word' id='word_1_193' title='bbox 288 2630 452 2703; x_wconf 77' lang='lat' dir='ltr'>traiectus),</span> <span class='ocrx_word' id='word_1_194' title='bbox 471 2629 552 2687; x_wconf 83' lang='lat' dir='ltr'>hodie</span> <span class='ocrx_word' id='word_1_195' title='bbox 571 2632 637 2693; x_wconf 77' lang='lat' dir='ltr'>Br‘r,</span> <span class='ocrx_word' id='word_1_196' title='bbox 659 2628 709 2683; x_wconf 90' lang='lat' dir='ltr'>ubi</span> <span class='ocrx_word' id='word_1_197' title='bbox 723 2645 757 2682; x_wconf 87' lang='lat' dir='ltr'>ex</span> <span class='ocrx_word' id='word_1_198' title='bbox 773 2628 923 2684; x_wconf 77' lang='lat' dir='ltr'>Alexandri</span> <span class='ocrx_word' id='word_1_199' title='bbox 938 2639 1067 2702; x_wconf 84' lang='lat' dir='ltr'>tempore</span> <span class='ocrx_word' id='word_1_200' title='bbox 1085 2629 1182 2686; x_wconf 78' lang='lat' dir='ltr'>flumen</span> <span class='ocrx_word' id='word_1_201' title='bbox 1195 2639 1245 2684; x_wconf 83' lang='lat' dir='ltr'>trs·</span> 
     </span>
     <span class='ocr_line' id='line_1_25' title="bbox 188 2693 1247 2768; baseline -0.001 -20"><span class='ocrx_word' id='word_1_202' title='bbox 188 2694 273 2748; x_wconf 79' lang='lat' dir='ltr'>uicere</span> <span class='ocrx_word' id='word_1_203' title='bbox 289 2695 432 2761; x_wconf 85' lang='lat' dir='ltr'>solebant,</span> <span class='ocrx_word' id='word_1_204' title='bbox 457 2697 496 2750; x_wconf 89' lang='lat' dir='ltr'>uti</span> <span class='ocrx_word' id='word_1_205' title='bbox 515 2705 594 2750; x_wconf 87' lang='lat' dir='ltr'>antea</span> <span class='ocrx_word' id='word_1_206' title='bbox 611 2693 646 2749; x_wconf 82' lang='lat' dir='ltr'>ud</span> <span class='ocrx_word' id='word_1_207' title='bbox 661 2696 843 2768; x_wconf 80' lang='lat' dir='ltr'>Thapsacum.</span> <span class='ocrx_word' id='word_1_208' title='bbox 879 2697 915 2752; x_wconf 89' lang='lat' dir='ltr'>V.</span> <span class='ocrx_word' id='word_1_209' title='bbox 927 2695 997 2751; x_wconf 86' lang='lat' dir='ltr'>Plio.</span> <span class='ocrx_word' id='word_1_210' title='bbox 1013 2696 1040 2750; x_wconf 85' lang='lat' dir='ltr'>h.</span> <span class='ocrx_word' id='word_1_211' title='bbox 1053 2714 1083 2751; x_wconf 89' lang='lat' dir='ltr'>n.</span> <span class='ocrx_word' id='word_1_212' title='bbox 1095 2698 1134 2768; x_wconf 81' lang='grc' dir='ltr'>ὃ,</span> <span class='ocrx_word' id='word_1_213' title='bbox 1145 2699 1189 2765; x_wconf 66' lang='lat' dir='ltr'>st,</span> <span class='ocrx_word' id='word_1_214' title='bbox 1201 2711 1247 2751; x_wconf 78' lang='lat' dir='ltr'>ona</span> 
     </span>
     <span class='ocr_line' id='line_1_26' title="bbox 189 2759 1250 2841; baseline 0.003 -29"><span class='ocrx_word' id='word_1_215' title='bbox 189 2762 307 2829; x_wconf 79' lang='lat' dir='ltr'>Zeugma</span> <span class='ocrx_word' id='word_1_216' title='bbox 322 2764 440 2815; x_wconf 83' lang='lat' dir='ltr'>transitu</span> <span class='ocrx_word' id='word_1_217' title='bbox 456 2763 601 2830; x_wconf 78' lang='lat' dir='ltr'>Euphratis</span> <span class='ocrx_word' id='word_1_218' title='bbox 615 2763 707 2815; x_wconf 75' lang='lat' dir='ltr'>aubrie.</span> <span class='ocrx_word' id='word_1_219' title='bbox 721 2794 756 2807; x_wconf 91' lang='lat'>-</span> <span class='ocrx_word' id='word_1_220' title='bbox 788 2773 882 2841; x_wconf 74' lang='lat' dir='ltr'>togam</span> <span class='ocrx_word' id='word_1_221' title='bbox 894 2773 1076 2832; x_wconf 66' lang='lat' dir='ltr'>praetextam,</span> <span class='ocrx_word' id='word_1_222' title='bbox 1094 2764 1174 2819; x_wconf 84' lang='lat' dir='ltr'>euius</span> <span class='ocrx_word' id='word_1_223' title='bbox 1187 2759 1250 2816; x_wconf 78' lang='lat' dir='ltr'>iuris</span> 
     </span>
     <span class='ocr_line' id='line_1_27' title="bbox 188 2827 1253 2899; baseline 0.003 -21"><span class='ocrx_word' id='word_1_224' title='bbox 188 2841 204 2878; x_wconf 89' lang='lat' dir='ltr'>a</span> <span class='ocrx_word' id='word_1_225' title='bbox 223 2827 341 2880; x_wconf 83' lang='lat' dir='ltr'>Caesare</span> <span class='ocrx_word' id='word_1_226' title='bbox 359 2827 472 2882; x_wconf 86' lang='lat' dir='ltr'>consule</span> <span class='ocrx_word' id='word_1_227' title='bbox 489 2828 645 2899; x_wconf 79' lang='lat' dir='ltr'>impetrati,</span> <span class='ocrx_word' id='word_1_228' title='bbox 669 2829 905 2882; x_wconf 75' lang='lat' dir='ltr'>confirmationem</span> <span class='ocrx_word' id='word_1_229' title='bbox 925 2838 992 2881; x_wconf 89' lang='lat' dir='ltr'>tune</span> <span class='ocrx_word' id='word_1_230' title='bbox 1015 2840 1152 2885; x_wconf 85' lang='lat' dir='ltr'>asenatu</span> <span class='ocrx_word' id='word_1_231' title='bbox 1166 2828 1253 2886; x_wconf 76' lang='lat' dir='ltr'>ahio</span> 
     </span>
     <span class='ocr_line' id='line_1_28' title="bbox 188 2891 1253 2970; baseline 0.007 -27"><span class='ocrx_word' id='word_1_232' title='bbox 188 2891 256 2943; x_wconf 89' lang='lat' dir='ltr'>chus</span> <span class='ocrx_word' id='word_1_233' title='bbox 277 2893 387 2964; x_wconf 85' lang='lat' dir='ltr'>petiisse</span> <span class='ocrx_word' id='word_1_234' title='bbox 405 2891 523 2948; x_wconf 84' lang='lat' dir='ltr'>ridetur.</span> <span class='ocrx_word' id='word_1_235' title='bbox 556 2897 657 2968; x_wconf 77' lang='lat' dir='ltr'>Magno</span> <span class='ocrx_word' id='word_1_236' title='bbox 675 2894 732 2968; x_wconf 84' lang='lat' dir='ltr'>sibi</span> <span class='ocrx_word' id='word_1_237' title='bbox 744 2894 841 2949; x_wconf 89' lang='lat' dir='ltr'>honori</span> <span class='ocrx_word' id='word_1_238' title='bbox 858 2911 917 2949; x_wconf 88' lang='lat' dir='ltr'>esse</span> <span class='ocrx_word' id='word_1_239' title='bbox 933 2892 1070 2966; x_wconf 89' lang='lat' dir='ltr'>putabant</span> <span class='ocrx_word' id='word_1_240' title='bbox 1087 2895 1133 2951; x_wconf 90' lang='lat' dir='ltr'>isti</span> <span class='ocrx_word' id='word_1_241' title='bbox 1151 2895 1253 2970; x_wconf 77' lang='lat' dir='ltr'>reguli,</span> 
     </span>
     <span class='ocr_line' id='line_1_29' title="bbox 187 2957 863 3031; baseline 0.009 -21"><span class='ocrx_word' id='word_1_242' title='bbox 187 2957 377 3011; x_wconf 87' lang='lat' dir='ltr'>Romanorum</span> <span class='ocrx_word' id='word_1_243' title='bbox 393 2959 601 3031; x_wconf 78' lang='lat' dir='ltr'>magistratuum</span> <span class='ocrx_word' id='word_1_244' title='bbox 618 2969 722 3014; x_wconf 86' lang='lat' dir='ltr'>vestem</span> <span class='ocrx_word' id='word_1_245' title='bbox 738 2958 863 3017; x_wconf 84' lang='lat' dir='ltr'>induere.</span> 
     </span>
    </p>
   </div>
   <div class='ocr_carea' id='block_1_5' title="bbox 183 3077 1259 4148">
    <p class='ocr_par' dir='ltr' id='par_1_5' title="bbox 183 3077 1259 4148">
     <span class='ocr_line' id='line_1_30' title="bbox 248 3077 1255 3152; baseline 0.003 -19"><span class='ocrx_word' id='word_1_246' title='bbox 248 3085 281 3148; x_wconf 60' lang='lat'>¹5.</span> <span class='ocrx_word' id='word_1_247' title='bbox 299 3080 325 3140; x_wconf 81' lang='lat'>3.</span> <span class='ocrx_word' id='word_1_248' title='bbox 360 3081 560 3144; x_wconf 72' lang='lat' dir='ltr'>Quadrata:</span> <span class='ocrx_word' id='word_1_249' title='bbox 577 3077 654 3152; x_wconf 90' lang='lat' dir='ltr'>quod</span> <span class='ocrx_word' id='word_1_250' title='bbox 671 3079 783 3144; x_wconf 75' lang='lat' dir='ltr'>anobis</span> <span class='ocrx_word' id='word_1_251' title='bbox 800 3080 870 3152; x_wconf 90' lang='lat' dir='ltr'>petit</span> <span class='ocrx_word' id='word_1_252' title='bbox 885 3079 1054 3142; x_wconf 77' lang='lat' dir='ltr'>Antiochus,</span> <span class='ocrx_word' id='word_1_253' title='bbox 1070 3091 1105 3138; x_wconf 89' lang='lat' dir='ltr'>ut</span> <span class='ocrx_word' id='word_1_254' title='bbox 1121 3081 1255 3138; x_wconf 89' lang='lat' dir='ltr'>honorem</span> 
     </span>
     <span class='ocr_line' id='line_1_31' title="bbox 185 3145 1255 3284; baseline 0.005 -21"><span class='ocrx_word' id='word_1_255' title='bbox 185 3145 825 3284; x_wconf 59' lang='lat' dir='ltr'>tttfttttttttttttttttttmt·</span> <span class='ocrx_word' id='word_1_256' title='bbox 841 3147 976 3266; x_wconf 56' lang='lat' dir='ltr'>attat</span> <span class='ocrx_word' id='word_1_257' title='bbox 993 3145 1093 3270; x_wconf 59' lang='lat' dir='ltr'>‘didio&#39;</span> <span class='ocrx_word' id='word_1_258' title='bbox 1107 3151 1255 3270; x_wconf 55' lang='lat' dir='ltr'>fideii</span> 
     </span>
     <span class='ocr_line' id='line_1_32' title="bbox 186 3232 1256 3351; baseline 0.003 -22"><span class='ocrx_word' id='word_1_259' title='bbox 186 3249 281 3335; x_wconf 66' lang='lat' dir='ltr'>censet</span> <span class='ocrx_word' id='word_1_260' title='bbox 297 3281 428 3335; x_wconf 81' lang='lat' dir='ltr'>renouari.</span> <span class='ocrx_word' id='word_1_261' title='bbox 445 3311 477 3323; x_wconf 84' lang='lat'>-</span> <span class='ocrx_word' id='word_1_262' title='bbox 510 3280 651 3349; x_wconf 78' lang='lat' dir='ltr'>sinterpalet</span> <span class='ocrx_word' id='word_1_263' title='bbox 667 3278 684 3333; x_wconf 93' lang='lat' dir='ltr'>i.</span> <span class='ocrx_word' id='word_1_264' title='bbox 703 3296 728 3332; x_wconf 89' lang='lat' dir='ltr'>e.</span> <span class='ocrx_word' id='word_1_265' title='bbox 745 3289 861 3335; x_wconf 85' lang='lat' dir='ltr'>renovet</span> <span class='ocrx_word' id='word_1_266' title='bbox 867 3297 876 3344; x_wconf 85' lang='lat'>;</span> <span class='ocrx_word' id='word_1_267' title='bbox 893 3296 956 3333; x_wconf 85' lang='lat' dir='ltr'>nam</span> <span class='ocrx_word' id='word_1_268' title='bbox 972 3232 1200 3351; x_wconf 55' lang='lat' dir='ltr'>r‘aterpalardgest</span> <span class='ocrx_word' id='word_1_269' title='bbox 1214 3296 1256 3333; x_wconf 84' lang='lat' dir='ltr'>re-</span> 
     </span>
     <span class='ocr_line' id='line_1_33' title="bbox 186 3343 1254 3427; baseline -0.001 -29"><span class='ocrx_word' id='word_1_270' title='bbox 186 3353 256 3398; x_wconf 87' lang='lat' dir='ltr'>stem</span> <span class='ocrx_word' id='word_1_271' title='bbox 273 3345 413 3416; x_wconf 77' lang='lat' dir='ltr'>antiquam</span> <span class='ocrx_word' id='word_1_272' title='bbox 431 3361 585 3412; x_wconf 83' lang='lat' dir='ltr'>renouare,</span> <span class='ocrx_word' id='word_1_273' title='bbox 602 3355 680 3403; x_wconf 83' lang='lat' dir='ltr'>creta</span> <span class='ocrx_word' id='word_1_274' title='bbox 696 3343 788 3404; x_wconf 77' lang='lat' dir='ltr'>addite</span> <span class='ocrx_word' id='word_1_275' title='bbox 805 3344 991 3401; x_wconf 82' lang='lat' dir='ltr'>candidiorem</span> <span class='ocrx_word' id='word_1_276' title='bbox 1006 3344 1147 3427; x_wconf 69' lang='lat' dir='ltr'>redderep</span> <span class='ocrx_word' id='word_1_277' title='bbox 1173 3358 1206 3403; x_wconf 89' lang='lat' dir='ltr'>ut</span> <span class='ocrx_word' id='word_1_278' title='bbox 1220 3349 1254 3399; x_wconf 76' lang='lat' dir='ltr'>r&#39;a</span> 
     </span>
     <span class='ocr_line' id='line_1_34' title="bbox 186 3410 1254 3482; baseline 0.007 -23"><span class='ocrx_word' id='word_1_279' title='bbox 186 3411 319 3478; x_wconf 84' lang='lat' dir='ltr'>terpolare</span> <span class='ocrx_word' id='word_1_280' title='bbox 336 3410 447 3466; x_wconf 79' lang='lat' dir='ltr'>tubulus</span> <span class='ocrx_word' id='word_1_281' title='bbox 463 3418 515 3479; x_wconf 86' lang='lat' dir='ltr'>(so.</span> <span class='ocrx_word' id='word_1_282' title='bbox 533 3417 612 3482; x_wconf 84' lang='lat' dir='ltr'>uera)</span> <span class='ocrx_word' id='word_1_283' title='bbox 629 3413 714 3472; x_wconf 83' lang='lat' dir='ltr'>Verr.</span> <span class='ocrx_word' id='word_1_284' title='bbox 732 3430 761 3478; x_wconf 83' lang='grc' dir='ltr'>ι,</span> <span class='ocrx_word' id='word_1_285' title='bbox 772 3411 816 3467; x_wconf 76' lang='lat'>61.</span> <span class='ocrx_word' id='word_1_286' title='bbox 857 3413 960 3471; x_wconf 83' lang='lat' dir='ltr'>Sensus</span> <span class='ocrx_word' id='word_1_287' title='bbox 976 3412 1159 3471; x_wconf 77' lang='lat' dir='ltr'>cavillationis</span> <span class='ocrx_word' id='word_1_288' title='bbox 1176 3413 1207 3468; x_wconf 86' lang='lat' dir='ltr'>in</span> <span class='ocrx_word' id='word_1_289' title='bbox 1223 3427 1254 3476; x_wconf 84' lang='lat' dir='ltr'>eo</span> 
     </span>
     <span class='ocr_line' id='line_1_35' title="bbox 185 3475 1253 3553; baseline 0.006 -27"><span class='ocrx_word' id='word_1_290' title='bbox 185 3475 269 3552; x_wconf 77' lang='lat' dir='ltr'>latet,</span> <span class='ocrx_word' id='word_1_291' title='bbox 285 3478 365 3548; x_wconf 81' lang='lat' dir='ltr'>quasi</span> <span class='ocrx_word' id='word_1_292' title='bbox 378 3476 548 3545; x_wconf 73' lang='lat' dir='ltr'>Antiochus,</span> <span class='ocrx_word' id='word_1_293' title='bbox 565 3477 593 3531; x_wconf 93' lang='lat' dir='ltr'>ni</span> <span class='ocrx_word' id='word_1_294' title='bbox 606 3487 767 3549; x_wconf 81' lang='lat' dir='ltr'>praetextae</span> <span class='ocrx_word' id='word_1_295' title='bbox 783 3479 872 3535; x_wconf 83' lang='lat' dir='ltr'>honor</span> <span class='ocrx_word' id='word_1_296' title='bbox 886 3477 912 3530; x_wconf 83' lang='lat' dir='ltr'>ei</span> <span class='ocrx_word' id='word_1_297' title='bbox 926 3479 1120 3547; x_wconf 82' lang='lat' dir='ltr'>confirmetur,</span> <span class='ocrx_word' id='word_1_298' title='bbox 1137 3491 1253 3553; x_wconf 80' lang='lat' dir='ltr'>cogetur</span> 
     </span>
     <span class='ocr_line' id='line_1_36' title="bbox 184 3539 1255 3617; baseline 0.002 -24"><span class='ocrx_word' id='word_1_299' title='bbox 184 3539 260 3593; x_wconf 83' lang='lat' dir='ltr'>ullam</span> <span class='ocrx_word' id='word_1_300' title='bbox 276 3544 423 3614; x_wconf 81' lang='lat' dir='ltr'>quotannis</span> <span class='ocrx_word' id='word_1_301' title='bbox 438 3561 493 3616; x_wconf 85' lang='lat' dir='ltr'>pur</span> <span class='ocrx_word' id='word_1_302' title='bbox 512 3560 559 3599; x_wconf 79' lang='lat' dir='ltr'>are</span> <span class='ocrx_word' id='word_1_303' title='bbox 575 3554 712 3617; x_wconf 76' lang='lat' dir='ltr'>togaeque</span> <span class='ocrx_word' id='word_1_304' title='bbox 727 3543 845 3605; x_wconf 86' lang='lat' dir='ltr'>nitorem</span> <span class='ocrx_word' id='word_1_305' title='bbox 856 3541 984 3603; x_wconf 82' lang='lat' dir='ltr'>reddere.</span> <span class='ocrx_word' id='word_1_306' title='bbox 1000 3576 1032 3589; x_wconf 91' lang='lat'>-</span> <span class='ocrx_word' id='word_1_307' title='bbox 1068 3545 1174 3603; x_wconf 71' lang='lat' dir='ltr'>decem</span> <span class='ocrx_word' id='word_1_308' title='bbox 1193 3545 1255 3600; x_wconf 74' lang='lat' dir='ltr'>aitte</span> 
     </span>
     <span class='ocr_line' id='line_1_37' title="bbox 186 3560 1253 3678; baseline 0.004 -18"><span class='ocrx_word' id='word_1_309' title='bbox 186 3622 292 3669; x_wconf 79' lang='lat' dir='ltr'>arnseo,</span> <span class='ocrx_word' id='word_1_310' title='bbox 315 3611 435 3664; x_wconf 80' lang='lat' dir='ltr'>formula</span> <span class='ocrx_word' id='word_1_311' title='bbox 457 3560 576 3667; x_wconf 68' lang='lat' dir='ltr'>sedunis</span> <span class='ocrx_word' id='word_1_312' title='bbox 597 3609 625 3665; x_wconf 87' lang='lat' dir='ltr'>in</span> <span class='ocrx_word' id='word_1_313' title='bbox 649 3609 787 3665; x_wconf 81' lang='lat' dir='ltr'>sententiis</span> <span class='ocrx_word' id='word_1_314' title='bbox 809 3609 968 3678; x_wconf 85' lang='lat' dir='ltr'>senatoriis,</span> <span class='ocrx_word' id='word_1_315' title='bbox 994 3609 1043 3665; x_wconf 90' lang='lat' dir='ltr'>ubi</span> <span class='ocrx_word' id='word_1_316' title='bbox 1062 3610 1130 3665; x_wconf 87' lang='lat' dir='ltr'>nihil</span> <span class='ocrx_word' id='word_1_317' title='bbox 1155 3612 1253 3668; x_wconf 82' lang='lat' dir='ltr'>morari</span> 
     </span>
     <span class='ocr_line' id='line_1_38' title="bbox 184 3670 1253 3750; baseline 0.007 -26"><span class='ocrx_word' id='word_1_318' title='bbox 184 3670 317 3742; x_wconf 84' lang='lat' dir='ltr'>placeret.</span> <span class='ocrx_word' id='word_1_319' title='bbox 351 3679 387 3733; x_wconf 91' lang='lat' dir='ltr'>V.</span> <span class='ocrx_word' id='word_1_320' title='bbox 401 3677 462 3731; x_wconf 87' lang='lat' dir='ltr'>Liv.</span> <span class='ocrx_word' id='word_1_321' title='bbox 477 3686 525 3745; x_wconf 74' lang='lat'>41,</span> <span class='ocrx_word' id='word_1_322' title='bbox 543 3676 582 3731; x_wconf 81' lang='lat' dir='ltr'>ad.</span> <span class='ocrx_word' id='word_1_323' title='bbox 598 3709 631 3720; x_wconf 96' lang='lat'><em>-</em></span> <span class='ocrx_word' id='word_1_324' title='bbox 664 3678 824 3731; x_wconf 79' lang='lat' dir='ltr'>Bostrenum</span> <span class='ocrx_word' id='word_1_325' title='bbox 840 3677 858 3733; x_wconf 90' lang='lat' dir='ltr'>i.</span> <span class='ocrx_word' id='word_1_326' title='bbox 871 3695 896 3732; x_wconf 89' lang='lat' dir='ltr'>e.</span> <span class='ocrx_word' id='word_1_327' title='bbox 912 3677 1116 3733; x_wconf 87' lang='lat' dir='ltr'>Bostrenorum</span> <span class='ocrx_word' id='word_1_328' title='bbox 1131 3678 1253 3750; x_wconf 85' lang='lat' dir='ltr'>aliquem</span> 
     </span>
     <span class='ocr_line' id='line_1_39' title="bbox 183 3739 1254 3809; baseline 0.005 -17"><span class='ocrx_word' id='word_1_329' title='bbox 183 3739 368 3809; x_wconf 83' lang='lat' dir='ltr'>tetrarcham,</span> <span class='ocrx_word' id='word_1_330' title='bbox 392 3743 432 3796; x_wconf 91' lang='lat' dir='ltr'>uti</span> <span class='ocrx_word' id='word_1_331' title='bbox 456 3744 544 3798; x_wconf 86' lang='lat' dir='ltr'>Oroll.</span> <span class='ocrx_word' id='word_1_332' title='bbox 564 3752 665 3801; x_wconf 88' lang='lat' dir='ltr'>monet.</span> <span class='ocrx_word' id='word_1_333' title='bbox 709 3743 766 3800; x_wconf 88' lang='lat' dir='ltr'>Vul</span> <span class='ocrx_word' id='word_1_334' title='bbox 784 3759 803 3796; x_wconf 92' lang='lat' dir='ltr'>o</span> <span class='ocrx_word' id='word_1_335' title='bbox 820 3753 984 3805; x_wconf 77' lang='lat' dir='ltr'>Burrenum,</span> <span class='ocrx_word' id='word_1_336' title='bbox 1006 3742 1013 3797; x_wconf 91' lang='lat' dir='ltr'>i</span> <span class='ocrx_word' id='word_1_337' title='bbox 1034 3752 1131 3799; x_wconf 89' lang='lat' dir='ltr'>uotum</span> <span class='ocrx_word' id='word_1_338' title='bbox 1153 3760 1254 3804; x_wconf 75' lang='lat' dir='ltr'>nomen</span> 
     </span>
     <span class='ocr_line' id='line_1_40' title="bbox 184 3758 1254 3881; baseline 0.008 -26"><span class='ocrx_word' id='word_1_339' title='bbox 184 3802 229 3856; x_wconf 86' lang='lat' dir='ltr'>hie</span> <span class='ocrx_word' id='word_1_340' title='bbox 251 3804 362 3877; x_wconf 79' lang='lat' dir='ltr'>legitur.</span> <span class='ocrx_word' id='word_1_341' title='bbox 400 3810 501 3863; x_wconf 80' lang='lat' dir='ltr'>Bostra</span> <span class='ocrx_word' id='word_1_342' title='bbox 522 3807 574 3863; x_wconf 80' lang='lat' dir='ltr'>tnta</span> <span class='ocrx_word' id='word_1_343' title='bbox 591 3819 670 3864; x_wconf 85' lang='lat' dir='ltr'>retus</span> <span class='ocrx_word' id='word_1_344' title='bbox 689 3758 823 3881; x_wconf 71' lang='lat' dir='ltr'>oppidum</span> <span class='ocrx_word' id='word_1_345' title='bbox 841 3810 870 3865; x_wconf 90' lang='lat' dir='ltr'>iu</span> <span class='ocrx_word' id='word_1_346' title='bbox 889 3809 994 3866; x_wconf 77' lang='lat' dir='ltr'>Arabia</span> <span class='ocrx_word' id='word_1_347' title='bbox 1014 3760 1151 3878; x_wconf 64' lang='lat' dir='ltr'>detraes,</span> <span class='ocrx_word' id='word_1_348' title='bbox 1174 3809 1254 3865; x_wconf 83' lang='lat' dir='ltr'>ouius</span> 
     </span>
     <span class='ocr_line' id='line_1_41' title="bbox 184 3871 1253 3951; baseline 0.011 -27"><span class='ocrx_word' id='word_1_349' title='bbox 184 3886 216 3950; x_wconf 78' lang='lat' dir='ltr'>op</span> <span class='ocrx_word' id='word_1_350' title='bbox 236 3871 314 3940; x_wconf 85' lang='lat' dir='ltr'>ulus,</span> <span class='ocrx_word' id='word_1_351' title='bbox 331 3873 455 3944; x_wconf 83' lang='lat' dir='ltr'>quamuis</span> <span class='ocrx_word' id='word_1_352' title='bbox 472 3875 602 3947; x_wconf 82' lang='lat' dir='ltr'>exiguus,</span> <span class='ocrx_word' id='word_1_353' title='bbox 623 3877 807 3951; x_wconf 79' lang='lat' dir='ltr'>Commageno</span> <span class='ocrx_word' id='word_1_354' title='bbox 824 3887 916 3932; x_wconf 81' lang='lat' dir='ltr'>tamen</span> <span class='ocrx_word' id='word_1_355' title='bbox 930 3875 1015 3947; x_wconf 83' lang='lat' dir='ltr'>paulu</span> <span class='ocrx_word' id='word_1_356' title='bbox 1030 3874 1153 3935; x_wconf 80' lang='lat' dir='ltr'>nobilior</span> <span class='ocrx_word' id='word_1_357' title='bbox 1168 3876 1253 3932; x_wconf 69' lang='lat' dir='ltr'>fuisse</span> 
     </span>
     <span class='ocr_line' id='line_1_42' title="bbox 183 3941 1254 4022; baseline 0.007 -31"><span class='ocrx_word' id='word_1_358' title='bbox 183 3958 200 3991; x_wconf 84' lang='lat' dir='ltr'>r</span> <span class='ocrx_word' id='word_1_359' title='bbox 232 3948 303 3993; x_wconf 87' lang='lat' dir='ltr'>etur.</span> <span class='ocrx_word' id='word_1_360' title='bbox 319 3971 353 3983; x_wconf 92' lang='lat'><em>-</em></span> <span class='ocrx_word' id='word_1_361' title='bbox 377 3941 475 4004; x_wconf 81' lang='lat' dir='ltr'>laeam,</span> <span class='ocrx_word' id='word_1_362' title='bbox 489 3943 734 4022; x_wconf 87' lang='lat' dir='ltr'>opportunitatem.</span> <span class='ocrx_word' id='word_1_363' title='bbox 750 3975 783 3986; x_wconf 92' lang='lat'><em>-</em></span> <span class='ocrx_word' id='word_1_364' title='bbox 809 3945 945 4014; x_wconf 77' lang='lat' dir='ltr'>suptarus,</span> <span class='ocrx_word' id='word_1_365' title='bbox 960 3941 1087 3999; x_wconf 85' lang='lat' dir='ltr'>manibus</span> <span class='ocrx_word' id='word_1_366' title='bbox 1103 3959 1169 3997; x_wconf 86' lang='lat' dir='ltr'>cum</span> <span class='ocrx_word' id='word_1_367' title='bbox 1185 3959 1254 3999; x_wconf 81' lang='lat' dir='ltr'>sono</span> 
     </span>
     <span class='ocr_line' id='line_1_43' title="bbox 184 4005 1255 4082; baseline 0.003 -21"><span class='ocrx_word' id='word_1_368' title='bbox 184 4005 359 4076; x_wconf 84' lang='lat' dir='ltr'>pulsantibus</span> <span class='ocrx_word' id='word_1_369' title='bbox 374 4022 389 4058; x_wconf 90' lang='lat' dir='ltr'>a</span> <span class='ocrx_word' id='word_1_370' title='bbox 405 4017 502 4060; x_wconf 86' lang='lat' dir='ltr'>senatu</span> <span class='ocrx_word' id='word_1_371' title='bbox 518 4015 635 4075; x_wconf 75' lang='lat' dir='ltr'>erectus.</span> <span class='ocrx_word' id='word_1_372' title='bbox 652 4008 829 4082; x_wconf 82' lang='lat' dir='ltr'>ignominiose</span> <span class='ocrx_word' id='word_1_373' title='bbox 845 4009 953 4080; x_wconf 89' lang='lat' dir='ltr'>pulsus.</span> <span class='ocrx_word' id='word_1_374' title='bbox 968 4039 1001 4053; x_wconf 87' lang='lat'>·-·</span> <span class='ocrx_word' id='word_1_375' title='bbox 1027 4027 1070 4065; x_wconf 87' lang='lat' dir='ltr'>ara</span> <span class='ocrx_word' id='word_1_376' title='bbox 1089 4008 1212 4073; x_wconf 74' lang='lat' dir='ltr'>tueatur,</span> <span class='ocrx_word' id='word_1_377' title='bbox 1226 4009 1255 4063; x_wconf 86' lang='lat' dir='ltr'>ia</span> 
     </span>
     <span class='ocr_line' id='line_1_44' title="bbox 184 4070 1259 4148; baseline 0.002 -21"><span class='ocrx_word' id='word_1_378' title='bbox 184 4072 311 4130; x_wconf 83' lang='lat' dir='ltr'>menibus</span> <span class='ocrx_word' id='word_1_379' title='bbox 331 4071 431 4139; x_wconf 81' lang='lat' dir='ltr'>habet,</span> <span class='ocrx_word' id='word_1_380' title='bbox 453 4070 545 4144; x_wconf 83' lang='lat' dir='ltr'>soret,</span> <span class='ocrx_word' id='word_1_381' title='bbox 560 4075 664 4144; x_wconf 84' lang='lat' dir='ltr'>quihus</span> <span class='ocrx_word' id='word_1_382' title='bbox 683 4075 777 4133; x_wconf 82' lang='lat' dir='ltr'>verbis</span> <span class='ocrx_word' id='word_1_383' title='bbox 798 4074 921 4146; x_wconf 78' lang='lat' dir='ltr'>iungitur</span> <span class='ocrx_word' id='word_1_384' title='bbox 941 4091 987 4145; x_wconf 84' lang='lat' dir='ltr'>ep.</span> <span class='ocrx_word' id='word_1_385' title='bbox 1008 4074 1044 4131; x_wconf 83' lang='lat' dir='ltr'>od</span> <span class='ocrx_word' id='word_1_386' title='bbox 1079 4077 1086 4090; x_wconf 90' lang='lat'>&#39;</span> <span class='ocrx_word' id='word_1_387' title='bbox 1107 4116 1114 4132; x_wconf 88' lang='lat'><strong>.</strong></span> <span class='ocrx_word' id='word_1_388' title='bbox 1135 4094 1165 4144; x_wconf 80' lang='lat' dir='ltr'>r,</span> <span class='ocrx_word' id='word_1_389' title='bbox 1180 4092 1206 4148; x_wconf 81' lang='lat'>9.</span> <span class='ocrx_word' id='word_1_390' title='bbox 1219 4103 1259 4123; x_wconf 59' lang='grc' dir='ltr'>-ν</span> 
     </span>
    </p>
   </div>
   <div class='ocr_carea' id='block_1_6' title="bbox 0 0 1388 4866">
    <p class='ocr_par' dir='ltr' id='par_1_6' title="bbox 0 0 1388 4866">
     <span class='ocr_line' id='line_1_45' title="bbox 0 0 1388 4866; baseline 0 3"><span class='ocrx_word' id='word_1_391' title='bbox 0 0 1388 4866; x_wconf 95' lang='lat' dir='ltr'> </span> 
     </span>
    </p>
   </div>
  </div>
 </body>
</html>
