2768 4866
172 646 198 710 1.
222 643 252 708 l.

211 1811 245 1880 t.

287 245 310 312 2
434 251 469 310 dl.
491 251 521 311 Τ.
545 249 728 312 CICERONIS
749 251 901 315 urlslol.
923 254 972 313 AD
995 254 1024 324 9.
1048 255 1211 315 rulubon

560 509 752 578 nnncus
775 509 814 593 o.
837 512 1011 597 aarum
1032 512 1071 581 s.

370 605 471 711 Etsi
496 659 564 706 non
591 640 801 729 dubitabam,
830 642 908 726 quin
934 642 1023 708 hanc
1052 644 1229 729 epistolam
1259 646 1360 711 multi

286 747 415 836 nuntii,
436 747 526 813 fama
547 747 691 833 denique
713 751 808 837 esset
828 749 903 833 ipsa
924 769 987 813 sua
1008 750 1182 815 celeritate
1204 767 1358 833 supera-

286 856 362 919 tura
383 858 484 941 tuque
506 859 585 920 ante
606 854 647 918 ab
668 853 744 918 aliis
767 853 940 918 auditurus
958 874 1056 920 esses
1077 876 1199 922 annum
1216 858 1359 922 tertium

286 960 478 1026 accessisse
500 957 668 1023 desiderio
686 960 805 1023 nostro
823 963 857 1023 et
873 957 983 1024 labori
997 964 1074 1024 tuo:
1097 965 1208 1026 tamen
1225 964 1356 1028 existi-

284 1067 375 1131 mavi
401 1084 423 1131 a
448 1082 501 1130 me
531 1082 662 1149 quoque
689 1064 750 1128 tibi
777 1065 874 1128 huius
895 1065 1073 1132 molestiae
1094 1069 1245 1131 nuntium
1268 1087 1356 1154 per-

285 1174 367 1240 ferri
384 1174 550 1258 oportere.
592 1170 681 1236 Nam
697 1170 926 1257 superioribus
941 1171 1068 1256 literis,
1091 1192 1158 1237 non
1171 1175 1268 1262 unis,
1293 1175 1357 1242 sed

285 1278 454 1366 pluribus,
478 1297 576 1363 quum
595 1279 660 1342 iam
682 1279 723 1343 ab
738 1277 814 1342 aliis
830 1276 1011 1363 desperata
1027 1299 1083 1346 res
1102 1283 1213 1368 esset,
1237 1283 1356 1350 tamen

285 1385 345 1451 tibi
367 1401 435 1470 ego
457 1401 553 1468 spem
574 1388 726 1449 maturae
748 1383 958 1449 decessionis
980 1386 1179 1475 afferebam,
1201 1407 1271 1452 non
1292 1409 1356 1455 so-

286 1491 374 1578 lum,
402 1493 557 1575 utquam
580 1488 766 1556 diutissime
790 1495 825 1554 te
846 1489 991 1555 iucunda
1014 1491 1170 1575 opinione
1194 1492 1354 1561 oblecta-

285 1614 375 1684 rem,
396 1595 459 1661 sed
480 1597 580 1662 etiam
602 1598 679 1683 quia
699 1599 794 1662 tanta
814 1595 1035 1662 adhibebatur
1055 1602 1090 1664 et
1111 1598 1251 1663 anobis
1275 1607 1313 1666 et
1335 1621 1355 1668 a

285 1701 499 1789 praetoribus
522 1704 715 1791 contentio,
748 1707 786 1768 ut
811 1722 881 1769 rem
901 1722 1007 1790 posse
1028 1704 1147 1770 confici
1168 1725 1237 1770 non
1260 1707 1355 1773 dilli-

288 1808 412 1877 derem.
456 1809 557 1875 Nunc
578 1811 734 1894 quoniam
754 1810 803 1874 ita
822 1810 964 1897 accidit,
987 1815 1023 1875 ut
1043 1830 1152 1898 neque
1172 1820 1355 1898 praetores

286 1917 359 1984 suis
383 1915 501 2002 opibus
522 1935 631 2002 neque
651 1936 714 1981 nos
732 1922 849 1982 nostro
869 1918 980 1984 studio
996 1919 1174 2004 quidquam
1188 1921 1355 2006 prolicere

286 2041 488 2110 possemus,
520 2025 575 2086 est
604 2022 735 2086 omnino
764 2020 901 2089 difficile
921 2044 988 2091 non
1008 2027 1164 2114 graviter
1184 2027 1218 2092 id
1240 2028 1356 2096 ferre:

287 2128 350 2194 sed
371 2132 482 2194 tamen
504 2133 642 2194 nostros
664 2131 792 2197 animos
812 2132 967 2197 maximis
987 2133 1020 2196 in
1042 2132 1144 2197 rebus
1166 2138 1202 2199 et
1218 2154 1354 2217 geren-

287 2236 339 2302 dis
362 2241 396 2302 et
417 2235 625 2300 sustinendis
649 2239 857 2303 exercitatos
884 2239 999 2326 frangi
1028 2243 1063 2307 et
1085 2238 1254 2305 debilitari
1275 2262 1353 2307 mo-

285 2343 388 2410 lestia
408 2361 475 2408 non
498 2347 641 2430 oportet.
691 2345 739 2410 Et
767 2346 921 2431 quoniam
942 2366 984 2414 ea
1005 2347 1242 2413 molestissime
1262 2349 1356 2417 serre

286 2449 439 2514 homines
468 2448 610 2533 debent,
643 2468 729 2536 quae
756 2452 905 2537 ipsorum
932 2453 1030 2540 culpa
1055 2449 1231 2519 contracta
1251 2460 1353 2541 sunt,

286 2561 341 2622 est
363 2554 518 2643 quiddam
538 2556 572 2621 in
594 2555 659 2622 bac
680 2577 718 2624 re
739 2558 820 2623 mibi
839 2558 1014 2623 molestius
1035 2556 1227 2644 ferendum,
1249 2575 1351 2639 quam

286 2662 357 2730 tibi.
408 2663 548 2729 Factum
577 2668 632 2729 est
658 2666 747 2730 enim
772 2682 848 2730 mea
874 2663 991 2752 culpa,
1025 2669 1158 2753 contra,
1184 2679 1282 2746 quam
1310 2666 1348 2725 tu

285 2789 414 2837 mecum
435 2775 470 2837 et
489 2771 710 2857 proficiscens
732 2776 767 2838 et
787 2793 850 2859 per
870 2772 987 2838 literas
1009 2788 1157 2858 egeras,
1176 2773 1213 2833 ut
1233 2768 1352 2854 priore

175 2936 178 2943 .
286 2895 374 2943 anno
396 2895 465 2943 non
486 2878 737 2944 succederetur.
781 2878 879 2963 Quod
900 2898 988 2966 ego,
1014 2879 1091 2944 dum
1113 2877 1215 2944 saluti
1235 2877 1353 2942 socio-

352 3037 405 3106 Ep.
420 3035 442 3089 I.
466 3033 489 3101 b.
506 3054 528 3086 r.
550 3035 632 3101 famu
650 3038 784 3155 denique,³
799 3038 874 3089 Part.
893 3037 1000 3107 denique
1018 3047 1087 3156 post
1104 3053 1190 3089 unum
1209 3032 1353 3089 dumtaxat

286 3102 443 3154 membrum
459 3101 582 3155 similiter
598 3103 713 3173 positam
732 3104 764 3154 ba

285 3167 357 3222 infra
375 3186 400 3235 o,
414 3168 440 3234 3,
451 3185 472 3221 a.
490 3165 525 3218 ad
543 3167 595 3221 div.
612 3186 650 3233 ro,
665 3169 698 3222 33
713 3186 795 3239 prop.
810 3170 973 3235 fin.13‚4a.
988 3170 1032 3221 srn.
1047 3170 1090 3222 Cs.
1102 3168 1212 3221 Ramsb.
1227 3168 1354 3223 Gramm.

285 3231 310 3303 §.
327 3239 408 3308 ιη’)
424 3244 451 3287 ct
467 3248 539 3306 quae
557 3252 607 3288 nos
625 3234 739 3287 diximus
756 3234 790 3287 ad
809 3237 841 3311 9.
857 3235 913 3288 Cic.
928 3235 961 3288 dc
976 3236 1051 3307 petit.
1066 3237 1148 3289 Cous.
1164 3232 1186 3302 §.
1200 3235 1223 3287 8.
1256 3232 1353 3306 Quare

285 3318 341 3356 non
363 3313 421 3370 est,
466 3297 520 3352 uod
540 3318 602 3353 curn
620 3301 760 3368 Ernestio‚
787 3313 849 3373 post
867 3321 892 3356 v.
911 3305 999 3353 reuntir'
1015 3301 1143 3354 excidisse
1161 3299 1353 3380 suspicemur:

285 3371 433 3421 vualterum
443 3317 547 3419 iturae.
580 3402 614 3413 .-
630 3387 679 3419 sua
696 3369 794 3420 celerat.
812 3368 828 3420 i.
845 3385 868 3420 c.
884 3369 971 3420 sumac
986 3369 1109 3440 propria.
1135 3367 1265 3437 Cf.Vrrg.
1282 3371 1354 3420 lien.

285 3435 392 3504 &174
420 3431 501 3488 Ouid.
515 3434 584 3486 Met.
601 3435 748 3501 12‚43.-
781 3435 832 3487 dcc.
850 3447 943 3487 austro
959 3451 995 3486 sc.
1012 3433 1119 3487 reditus
1135 3432 1228 3486 tui.-
1265 3432 1355 3484 labor-2⁴

285 3498 304 3554 i.
318 3516 342 3552 e.
360 3501 467 3554 muneri
483 3509 532 3552 tuo
549 3500 652 3554 laboris
670 3501 759 3570 pleno.
776 3533 810 3543 -
844 3502 1014 3562 decessionis,
1035 3501 1125 3553 abitus
1143 3516 1176 3551 ex
1192 3498 1355 3569 provincia,

287 3581 374 3635 quum
392 3566 559 3620 succeditur.
577 3599 609 3608 -
643 3586 659 3617 a
676 3568 863 3635 praetoribus,
882 3565 945 3636 qui,
965 3567 1067 3641 Quinto
1085 3564 1249 3631 decedente,
1271 3574 1303 3618 ut
1321 3582 1355 3617 ex

287 3647 338 3684 suo
355 3650 470 3686 numero
488 3632 586 3704 aliquis
605 3631 631 3684 in
651 3632 708 3686 eius
726 3632 909 3704 provinciam,
932 3648 1004 3704 quae
1020 3633 1161 3705 praetoria
1179 3640 1267 3699 esset,
1292 3630 1355 3684 rnit·

285 3706 411 3766 teretur,
432 3699 644 3752 contendebant.

352 3761 377 3882 q.
397 3781 420 3818 n.
452 3768 508 3815 ears
525 3767 633 3835 ope'bas,
654 3764 708 3818 suis
726 3763 919 3833 facultatibus,
937 3781 986 3818 sura
1003 3765 1132 3838 potentin.
1168 3764 1224 3817 Cic.
1240 3760 1275 3815 ad
1292 3763 1354 3816 dtt.

287 3847 348 3900 9,1
378 3853 384 3884 ι
412 3830 541 3896 (caesae)
565 3835 618 3883 iam
638 3849 697 3901 opes
714 3849 804 3893 meus,
828 3850 926 3883 non-
942 3850 1015 3902 opem
1033 3842 1175 3901 exspectat.
1192 3864 1223 3875 -
1248 3828 1359 3896 frangi

787 3121 816 3154 cs
832 3104 910 3155 etiam
929 3103 1001 3174 apud
1043 3103 1167 3158 leverr.
1183 3119 1213 3168 o,
1228 3102 1277 3167 51,
1298 3119 1354 3170 ¹27·

288 3907 314 3946 et
336 3896 472 3948 debilitari
487 3897 589 3968 afiligi,
617 3897 807 3964 consternari,
831 3898 956 3970 percelli.
976 3933 1009 3943 -
1052 3909 1162 3959 contre,
1184 3914 1271 3967 quam.
1310 3896 1355 3949 Gt.

287 3961 399 4014 Ramsh.
418 3958 441 4028 §.
464 3979 510 4032 ¹79
530 3965 569 4029 B,
584 3967 648 4031 md
672 3964 720 4033 qui
740 3975 847 4031 tamen,
866 3975 928 4034 post
943 3976 1038 4017 eontra
1057 3980 1072 4015 a
1089 3965 1223 4017 Cicerone
1239 3976 1355 4031 semper

288 4039 382 4099 utque,
402 4045 449 4088 ac,
470 4043 486 4080 u
500 4028 579 4080 Livio
591 4031 800 4101 senioribusque
815 4029 1000 4101 scriptoribus
1014 4047 1092 4100 quom
1109 4027 1240 4101 usurpari
1250 4043 1355 4146 porpe-

288 4109 349 4147 rem
366 4093 455 4148 docet.
471 4124 505 4135 -
538 4095 721 4146 succederetur·
742 4121 774 4143 =
794 4112 937 4153 successor
954 4093 1004 4148 tibi
1021 4094 1234 4151 mitteretur...
1267 4111 1299 4144 sa
1313 4105 1354 4148 ute
