2768 4866
1127 119 1144 147 Ι

241 238 288 308 32
381 246 417 306 ll.
441 245 471 304 T.
492 242 675 306 CICERONIS
696 242 848 305 EPISTOL.
871 243 919 325 All
942 243 973 314 Q.
994 242 1162 303 FRATREM

243 422 534 510 exspectationem
554 422 602 486 tui
623 438 886 506 concursumque
907 438 1002 506 eum,
1033 421 1087 507 qui
1110 423 1189 486 erat
1212 419 1317 486 tntu-

243 547 324 618 rus,
356 528 388 593 si
416 546 483 593 una
511 533 620 595 tecum
641 524 822 593 decederet
841 545 952 612 neque
973 532 1053 594 ante
1073 528 1170 593 visus
1192 534 1316 618 esset,

244 635 405 725 sustulit3
435 634 471 701 id
494 634 573 701 mihi
600 655 668 700 non
695 633 900 700 incommode
920 634 1030 699 visum
1051 639 1105 700 est
1124 634 1315 701 accidisse.

244 741 439 807 Exhaustus
460 745 516 807 est
536 741 625 808 enim
645 758 756 807 sermo
777 740 941 810 hominum
963 745 998 806 et
1018 740 1142 807 multae
1160 743 1317 810 emissae

244 847 310 915 iarn
331 848 492 915 eiusmodi
511 866 635 936 voces,
664 849 737 909 ἀλλ’
760 849 829 908 alst
850 870 929 908 τινα
952 857 1051 927 φῶτα
1075 850 1195 928 μέγαν·
1223 867 1318 934 quae

82 1000 87 1010 -
194 1000 202 1018 .
245 958 280 1021 te
301 954 443 1021 absente
464 954 621 1021 confecta
642 971 722 1020 esse
749 951 867 1018 laetor.
921 951 1017 1035 Quod
1044 956 1156 1019 autem
1182 952 1318 1021 ideirco

247 1064 325 1128 ate
344 1062 470 1127 missus
491 1065 563 1143 est,
586 1060 664 1125 mihi
685 1063 722 1125 nt
742 1077 782 1125 se
802 1062 986 1146 purgaret,
1017 1055 1052 1123 id
1072 1075 1218 1123 necesse
1245 1059 1317 1126 rni-

247 1167 336 1232 nime
362 1165 434 1231 luit.
483 1165 629 1232 Primum
657 1164 746 1232 enim
765 1181 934 1250 nunquam
960 1163 1018 1228 ille
1042 1163 1121 1229 mihi
1141 1162 1205 1230 fuit
1227 1184 1317 1231 sus-

248 1276 388 1361 pectusr
409 1290 517 1358 neque
539 1290 628 1363 ego,
649 1291 736 1358 quae
758 1273 803 1340 ad
824 1276 859 1338 te
880 1272 923 1338 de
944 1271 1001 1339 illo
1021 1272 1162 1362 scripsi,
1184 1274 1317 1359 scripsi

248 1373 482 1468 meoiudicio,
505 1377 567 1444 sed
590 1398 689 1465 quum
708 1380 795 1446 ratio
813 1379 973 1468 salusque
991 1379 1132 1446 omnium
1146 1378 1318 1469 nostrinn,

250 1485 307 1573 qui
327 1483 370 1552 ad
391 1503 461 1551 rem
489 1484 655 1573 publicam
681 1486 887 1578 accedimus,
918 1505 985 1553 non
1010 1487 1157 1552 veritate
1183 1486 1317 1576 solum,

250 1591 314 1658 sed
330 1592 432 1658 etiam
448 1591 538 1658 lama
556 1593 739 1681 niteretur,
761 1611 935 1660 sermones
951 1593 995 1659 ad
1013 1599 1047 1659 te
1063 1592 1202 1659 aliorum
1218 1611 1319 1659 sem-

250 1716 334 1788 per,
364 1716 431 1766 non
458 1717 532 1766 mea
561 1699 684 1766 iudicia
711 1701 907 1786 perscripsi.
961 1698 1025 1782 Qui
1054 1699 1185 1787 quidem
1216 1718 1318 1786 qnam

151 1896 152 1900 Ἴ
250 1805 446 1894 frequentes
467 1813 585 1873 essent
605 1812 640 1873 et
659 1823 758 1893 quam
777 1822 930 1894 graves,
962 1802 1111 1870 adventu
1141 1823 1204 1872 suo
1227 1803 1318 1872 Sta-

252 2012 324 2088 Quia
343 2013 430 2069 Statio
451 2012 502 2068 sibi
520 2011 678 2067 fidelissimo
703 2031 799 2067 rerum
824 2013 1035 2069 domesticarum
1057 2027 1151 2066 curam
1173 2015 1317 2068 commise-

252 2089 312 2146 rat,
331 2080 497 2146 verebatur,
514 2095 564 2147 ne,
587 2078 652 2133 dum
673 2082 695 2134 is
712 2081 837 2140 abesset.
860 2081 931 2134 servi
950 2082 1010 2147 soi,
1027 2078 1163 2150 quidquid
1182 2090 1316 2150 possent,

252 2145 468 2199 interverterent
492 2156 540 2198 aut
562 2144 723 2217 diriperent.
742 2180 775 2193 ·-
817 2159 958 2215 exspectat.
972 2150 1024 2209 cci,
1042 2147 1153 2201 Schiitc.
1171 2148 1314 2200 ¹correxit:

254 2223 397 2281 exspectat.
415 2214 476 2273 sal,
492 2211 546 2264 hoc
562 2227 660 2268 sennua
688 2224 861 2285 »propterea
881 2229 944 2264 eum
964 2213 1069 2265 venisse
1087 2213 1196 2278 laetor,
1220 2211 1313 2284 quod,

253 2277 276 2332 ei
295 2294 348 2330 una
364 2285 456 2330 tecum
474 2275 621 2333 decederet
634 2296 726 2352 neque
742 2289 805 2333 ante
822 2278 894 2332 visus
910 2289 995 2344 esset,
1013 2295 1108 2351 magna
1128 2280 1187 2330 cius
1204 2294 1312 2350 exspec-

254 2343 321 2397 tatio
339 2352 367 2396 et
382 2360 532 2398 concursus
548 2343 582 2396 ad
602 2362 663 2398 eum
684 2345 829 2399 videndum
842 2345 955 2398 futurus
970 2345 1082 2398 fuisset:
1101 2344 1176 2415 quod
1191 2344 1243 2398 tibi
1260 2362 1316 2398 nou

276 2409 351 2461 bsset
372 2424 431 2462 esse
454 2427 510 2463 non
533 2412 716 2478 molestuma3
748 2410 823 2465 addit
843 2411 925 2465 Sola:
956 2413 1079 2464 »Parum
1104 2411 1255 2463 honorilice
1279 2410 1314 2463 de

253 2426 343 2530 irrora
363 2491 415 2528 auo
436 2473 561 2530 dicturus
584 2478 681 2532 fuisset
701 2477 817 2544 Cicero,
842 2478 863 2529 si
886 2494 985 2528 omnem
1005 2479 1059 2527 elus
1083 2477 1315 2547 exspectationem

256 2542 392 2596 sublatam
411 2542 621 2600 assedissem«
655 2548 693 2598 at
707 2545 760 2596 hoc
778 2561 833 2596 non
853 2541 918 2595 dicit
930 2543 1044 2610 Cicero,
1059 2540 1107 2610 sed
1125 2541 1317 2598 tantummodo

174 2637 178 2644 ·
255 2608 484 2678 exspectationem
500 2619 528 2662 et
544 2625 709 2664 concursum
724 2610 928 2669 malevolorum,
946 2608 994 2681 qui
1011 2609 1143 2674 Statium,
1163 2620 1244 2662 antea
1260 2625 1318 2662 ser·

256 2691 337 2743 vum,
360 2692 434 2728 nunc
453 2675 532 2729 nimis
568 2677 700 2730 ratiosum
719 2675 813 2754 Quinti
829 2674 977 2742 libertum,
1000 2675 1081 2728 simul
1099 2693 1161 2727 cum
1182 2676 1244 2746 ipso
1263 2677 1317 2728 Rc·

255 2757 328 2793 mam
342 2738 503 2794 redeuntem
521 2691 614 2797 diere
628 2743 793 2808 voluissent,
811 2739 947 2794 sublatam
960 2742 1088 2795 lactatur.
1124 2741 1218 2817 Quare
1233 2742 1318 2795 lectio

255 2817 398 2875 carpserat.
412 2810 456 2859 tal
468 2809 558 2878 proba
575 2807 694 2864 videtur.
718 2809 788 2862 Nam
801 2825 888 2880 quum
903 2807 1007 2862 Statius
1024 2807 1140 2861 venisset
1157 2818 1219 2860 ante
1233 2809 1317 2884 Quin-

256 2882 334 2938 turn,
350 2875 581 2943 exspectationem
600 2876 680 2929 huius
698 2884 811 2928 eatenus
830 2874 954 2941 sustulit,
980 2884 1117 2946 quatenus
1136 2872 1194 2925 sine
1211 2874 1317 2949 Quinto

256 2953 313 2990 non
332 2936 496 3008 sperabant,
517 2944 578 2996 fore
593 2952 624 2996 ut
637 2951 751 3014 possent
766 2939 858 2993 videre
873 2940 1003 2994 libertum
1018 2942 1085 3011 ejus.
1100 2973 1134 2984 -
1163 2942 1238 2990 visas·
1253 2953 1319 2991 esset

257 3020 296 3059 ec.
308 3003 420 3059 Rornae.
435 3038 468 3048 -
502 3020 527 3058 st
540 3010 640 3059 multae
656 3011 725 3061 emas.
742 3010 899 3058 inmeritam.
916 3025 999 3060 voces.
1036 3005 1078 3059 Ad
1097 3008 1121 3062 h.
1131 3023 1172 3059 vv.
1190 3017 1320 3076 repeten-

258 3068 324 3122 dum
341 3084 401 3121 esse
417 3074 559 3125 calccatus
571 3086 652 3135 sunt,
669 3074 739 3128 bene
755 3081 847 3124 monet
865 3070 953 3126 Orell.
977 3071 1069 3144 Vulgo
1083 3072 1108 3123 le
1127 3074 1198 3125 itur:
1216 3074 1320 3126 multas.

258 3167 290 3178 -
307 3138 367 3187 ἀλλ’
383 3137 433 3189 aial
447 3158 502 3190 τινα
519 3142 604 3208 φῶτα.
646 3138 718 3192 Sunt
737 3136 823 3191 verba
842 3137 1003 3208 Polyphemi
1027 3135 1101 3208 apud
1147 3154 1200 3191 om.
1218 3139 1318 3210 Odyss.

258 3220 290 3274 9,
305 3200 354 3255 513
370 3217 412 3272 sq.
432 3203 513 3271 irati,
537 3202 612 3276 quod
631 3203 667 3256 ab
686 3204 792 3257 homine
808 3213 864 3257 tarn
880 3204 979 3272 pusillo
996 3213 1109 3276 tamque
1127 3201 1267 3258 imbecillo
1286 3205 1321 3259 sit

258 3278 437 3340 excaecatus,
454 3287 541 3343 quum
557 3288 573 3324 a
588 3288 685 3343 magno
703 3270 797 3340 aliquo
812 3287 844 3322 ac
859 3268 982 3324 formoso
999 3269 1057 3338 viro
1075 3267 1149 3323 aeid
1168 3285 1319 3338 passurum

259 3335 458 3407 suspicaretur.
497 3336 624 3392 Indicant
642 3342 669 3394 h.
685 3336 703 3391 l.
726 3354 781 3389 non
802 3351 861 3389 esse
879 3336 997 3391 Statium
1014 3337 1115 3404 talem,
1138 3337 1253 3405 qualem
1270 3356 1321 3409 pu·

259 3410 370 3457 tassent.
400 3403 475 3457 Haec
489 3403 550 3457 ideo
567 3403 601 3457 dc
616 3403 704 3459 Statio
719 3401 788 3457 dicta
805 3417 878 3460 esse.
894 3404 960 3473 quia
973 3401 1067 3481 Quinti
1084 3402 1188 3454 παιδικὰ
1205 3419 1225 3456 s.
1247 3421 1320 3458 ama·
1366 3469 1369 3476 ι

260 3465 315 3520 sius
336 3467 438 3536 fuerit,
468 3486 559 3540 neque
583 3471 647 3524 satis
668 3471 808 3522 formosus
832 3467 974 3521 videretur
996 3466 1147 3522 delicatulis
1173 3467 1323 3537 Romanis,

261 3548 333 3602 qnae
350 3534 499 3588 Wielandii
513 3536 646 3591 sententia
661 3546 718 3605 est,
741 3535 832 3589 nescio
851 3551 936 3607 quam
953 3550 1050 3588 verum
1066 3534 1109 3590 sit.
1127 3568 1158 3579 -
1200 3536 1323 3604 corpsecta

261 3597 408 3666 exhausta,
425 3603 560 3658 absumta.
858 3634 860 3639 ·

328 3688 357 3748 s.
375 3695 399 3732 a.
428 3700 550 3751 purgare
570 3709 603 3733 =
626 3683 807 3737 innocentiam
829 3702 907 3739 suam
928 3685 1059 3757 probare.
1096 3686 1136 3740 Cf.
1158 3684 1192 3763 Q.
1212 3687 1273 3744 Cic.
1291 3687 1326 3744 dc

263 3753 318 3816 pet.
334 3747 416 3801 Cous.
432 3766 458 3819 p.
474 3752 515 3816 46.
527 3783 562 3795 -
593 3767 650 3803 meo
668 3751 762 3804 ludicro
778 3776 811 3800 =
824 3769 884 3805 mea
898 3754 1047 3819 sententia,
1064 3751 1112 3809 sed
1128 3752 1165 3805 ob
1182 3753 1327 3809 bominum

262 3827 413 3866 sermones.
448 3814 489 3867 Cf.
509 3814 543 3868 ad
561 3820 619 3872 Att.
638 3831 667 3883 a,
689 3833 718 3897 ¹9
739 3815 794 3872 init.
811 3851 843 3862 -
884 3821 955 3870 ratio
980 3821 1005 3874 h.
1022 3821 1040 3872 l.
1061 3818 1177 3884 utilitas,
1202 3836 1327 3874 commo·

262 3874 344 3944 durn„
366 3882 500 3936 Interesse.
516 3915 550 3926 -
582 3883 665 3951 fama
679 3893 836 3944 notaretur..
852 3886 892 3938 Ex
909 3886 982 3938 fama
998 3885 1084 3950 enim,
1103 3901 1159 3956 qua
1174 3886 1238 3956 quis
1257 3886 1328 3940 frui·

262 3953 312 3997 tur
329 3942 404 4016 apud
423 3946 492 3999 alios
516 3949 645 4019 sapientis
669 3948 719 4002 viri
737 3961 821 4023 atque
837 3951 1024 4023 integerrimi,
1048 3951 1139 4004 oritur
1160 3951 1188 4003 in
1212 3955 1328 4023 populis

172 4067 173 4070 ,
263 4011 406 4082 persuasio
429 4010 615 4081 obedientiae,
642 4017 699 4070 sine
725 4035 779 4085 qua
803 4034 884 4070 nemo
906 4017 1029 4088 populos
1049 4033 1147 4091 regere
1169 4029 1274 4088 potest.
1296 4051 1330 4065 -

264 4079 319 4142 Qut
337 4077 439 4148 qurblem
457 4095 496 4134 sc.
512 4095 663 4139 sermones.
677 4113 707 4127 -
742 4085 891 4154 iniquorum
913 4106 946 4131 =
968 4099 1081 4154 corum,
1105 4083 1222 4158 qui'tibi
1237 4085 1333 4140 minus
