2768 4866
524 258 585 319 ΗΒ.
608 259 628 318 l.
671 258 721 318 ΕΡ.
744 259 762 318 Ι.
1163 253 1187 320 5

205 451 252 518 At
280 448 368 515 enim
395 446 483 512 inter
513 442 694 529 nosipsos
723 440 872 508 existunt
898 458 1029 529 graves
1050 443 1187 508 contro·-
1221 448 1266 517 11.
1287 448 1321 516 7,

125 557 280 645 versiae,
301 554 427 621 multee
448 551 633 617 nuscuntur
653 547 813 635 iniuriae,
833 565 977 638 magnae
998 547 1187 614 contentio-

123 681 187 730 nes
208 662 466 748 consequuntur.
520 654 626 738 Quasi
647 672 730 720 vero
751 673 819 739 ego
840 652 876 717 id
897 657 1027 738 putem,
1058 672 1125 719 non
1152 658 1189 720 te

124 768 330 854 aliquantum
343 761 473 849 negotii
488 761 667 826 sustinere.
698 760 860 846 intelligo
874 777 1093 847 permagnum
1108 776 1190 827 esse

125 874 299 961 negotium
325 875 361 936 et
380 870 510 935 maximi
531 867 685 951 consilii,
713 865 777 931 sed
800 868 964 931 memento
986 864 1117 930 consilii
1136 882 1190 931 me

125 980 199 1046 hoc·
211 996 291 1045 esse
312 978 483 1064 negotium
503 974 615 1062 magis
636 973 807 1059 aliquanto
831 990 929 1058 quum
949 971 1104 1038 fortunae
1123 993 1189 1059 pu-

126 1091 212 1151 tere.
255 1081 340 1165 Quid
355 1087 409 1148 est
425 1083 512 1148 enim
525 1081 657 1169 negotii
671 1081 842 1146 continere
857 1094 933 1167 eos,
952 1079 1073 1165 quihus
1086 1097 1190 1166 prue-

128 1189 196 1275 sis,
228 1189 258 1253 si
279 1193 314 1260 te
335 1188 408 1274 ipse
435 1178 641 1255 contineas?
693 1186 733 1253 ld
760 1192 870 1253 eutem
897 1186 943 1251 sit
970 1204 1129 1277 magnum
1156 1190 1192 1252 et

127 1293 263 1360 difficile
285 1295 426 1383 ceteris,
449 1296 537 1362 sicut
558 1297 613 1360 est
635 1290 884 1358 difficillimum:
906 1290 967 1357 tihi
988 1296 1023 1356 et
1044 1291 1106 1357 fuit
1127 1291 1192 1358 hoe

79 1431 86 1439 ·
131 1418 264 1486 semper
290 1399 483 1465 facillimum
509 1404 544 1464 et
569 1416 653 1463 vero
680 1414 759 1461 esse
780 1396 916 1486 debuit3
948 1399 1041 1463 cuius
1069 1401 1192 1464 nature

126 1507 207 1573 talis
221 1510 294 1590 est,
316 1511 354 1570 ut
374 1507 475 1571 etium
496 1505 572 1568 sine
594 1502 744 1567 doctrine
758 1501 914 1567 videntur
927 1502 1097 1569 moderata
1111 1522 1192 1569 esse

126 1615 300 1703 potuisse:
322 1630 364 1677 eu
385 1613 495 1674 eutem
516 1607 664 1689 adhibite
686 1608 837 1676 doctrine
857 1612 929 1695 est,
953 1625 1039 1693 quae
1057 1609 1114 1679 vel
1135 1609 1191 1674 vi-

114 1719 344 1789 ¹tiosissimom
365 1719 518 1781 naturum
539 1714 695 1781 excolere
714 1715 834 1802 possit.
886 1715 939 1781 Tu
965 1734 1064 1800 quum
1084 1735 1191 1801 pecua

128 1827 229 1911 niae,
263 1842 360 1911 quum
387 1822 572 1908 voluptati,
601 1841 699 1907 quum
725 1823 867 1892 omnium
887 1842 999 1895 rerum
1020 1821 1193 1909 cupiditati

127 1935 292 2021 resume,
314 1936 351 1997 ut
372 1930 500 1996 facies:
533 1928 614 2016 erit,
637 1929 756 2015 credo,
778 1930 980 2016 periculum,
1001 1947 1046 1994 ne
1066 1930 1191 2015 impro-

126 2042 202 2106 bum
223 2039 488 2126 negotiatorem,
510 2035 621 2121 puullo
644 2035 846 2123 cupidiorem
865 2036 1077 2122 publicanum
1099 2054 1192 2101 eom-

125 2149 269 2235 primere
295 2165 361 2219 non
389 2138 524 2229 possisl
573 2142 663 2207 Nam
691 2143 813 2210 Graeci
844 2143 975 2229 quidem
1002 2142 1053 2209 sic
1081 2146 1116 2207 te
1143 2142 1193 2208 itu

125 2254 298 2320 viventem
313 2251 547 2340 intuebuntur,
569 2257 607 2317 ut
627 2251 791 2337 quendem
811 2268 855 2315 ex
876 2249 1044 2315 annalium
1063 2267 1190 2315 memu-

127 2359 179 2426 riu
200 2360 380 2424 autetiam
402 2359 444 2425 de
467 2360 561 2427 caelo
583 2359 730 2427 divinum
751 2357 916 2437 hominem
941 2375 1022 2422 esse
1049 2357 1084 2424 iu
1106 2375 1189 2442 pro-

127 2465 272 2532 vinciam
294 2463 468 2550 delapsum
488 2469 618 2550 putent.
671 2468 784 2553 Atque
812 2465 898 2530 haec
925 2482 1035 2552 nunc,
1066 2484 1133 2529 non
1154 2467 1192 2545 ut
1232 2453 1269 2523 Θ.

127 2571 257 2656 focius,
289 2569 351 2635 sed
379 2575 416 2634 ut
444 2575 479 2636 te
506 2570 621 2637 iecere
648 2578 683 2637 et
710 2572 835 2637 fecisse
861 2568 1038 2657 gaudem,
1070 2571 1190 2638 scribo.

126 2678 340 2745 Praeclarum
361 2682 415 2744 est
435 2678 523 2744 euim
543 2697 668 2751 summo
690 2698 762 2746 cum
775 2679 912 2765 imperio
928 2677 1089 2748 fuissem
1104 2679 1192 2745 Asia

130 2839 218 2888 nostri
229 2831 329 2890 consul.
345 2834 423 2903 tems.
441 2839 663 2892 Foeneratorum
677 2839 747 2892 enirn
760 2840 1020 2960 negotiatorumrpue
1034 2838 1114 2891 bonis
1128 2854 1190 2892 con-

130 2903 214 2955 iurati
232 2901 364 2954 Catilinae
385 2903 536 2972 praecipue
554 2903 702 2957 inhiabant.
736 2906 778 2959 ef.
797 2905 830 2958 ad
847 2906 908 2959 Diu.
924 2907 955 2972 5,
993 2947 1002 2975 ‚
1026 2904 1075 2957 ubi
1091 2904 1190 2958 Cicero

127 2968 163 3022 de
179 2985 218 3035 se,
234 2970 282 3038 qm'
295 2986 326 3018 en
340 2968 481 3029 obsidione,
497 2968 594 3040 inquit,
601 2969 789 3037 foeneratores
805 2974 940 3034 exemerit,
955 2991 994 3028 sc.
1009 2989 1094 3025 novas
1110 2969 1191 3025 tabu·

129 3036 170 3088 las
183 3031 371 3105 impediendo;
390 3033 424 3084 de
439 3040 482 3087 eii.
498 3051 527 3102 a,
541 3041 588 3102 ud:
605 3037 745 3107 Nunquam
758 3037 930 3090 uehementius
942 3052 1031 3091 aetum
1045 3049 1095 3099 est,
1110 3054 1190 3107 quam

130 3120 169 3154 me
184 3099 305 3166 corrsnie,
322 3117 354 3151 ne
368 3100 536 3164 solveretur·,·
552 3105 635 3154 ermis
650 3115 675 3152 et
690 3105 788 3154 castris
805 3115 909 3156 tentata
925 3122 967 3157 res
982 3117 1030 3164 est.
1068 3103 1138 3165 Hinc
1154 3100 1190 3154 ad

130 3169 187 3220 Att.
203 3183 235 3233 o,
252 3185 280 3232 1,
301 3183 328 3216 ιι
348 3166 475 3218 uindicem
491 3170 561 3218 aeros
577 3169 659 3222 alieni
674 3184 703 3220 so
723 3178 810 3220 vocat.
1188 3224 1191 3231 ,

194 3233 227 3284 11.
244 3229 267 3310 §-
284 3250 307 3300 7.
342 3236 379 3283 At
393 3233 460 3282 enim
474 3257 506 3280 =
518 3245 563 3294 ac,
579 3232 677 3286 dixerit
692 3235 758 3284 enim
773 3234 885 3305 aliquis3
901 3235 1038 3300 formula,
1055 3249 1112 3305 qua
1126 3230 1192 3284 elioss‘

130 3312 195 3350 runt
210 3297 408 3351 obiectionibus
423 3299 590 3352 occurritur.
617 3319 641 3352 v.
654 3299 732 3352 lirim
747 3298 781 3351 ed
794 3299 860 3354 Sall.
875 3302 936 3355 Cat.
948 3301 996 3367 51,
1010 3302 1049 3354 ab.
1064 3331 1096 3343 -
1132 3314 1195 3365 eon·

130 3365 268 3423 tentriones,
283 3379 298 3414 a
314 3361 469 3434 provinciae
487 3363 613 3434 praeside
629 3362 831 3435 disceptandae.
848 3397 880 3407 -
914 3368 943 3417 z'd
954 3378 1052 3434 putem.
1079 3364 1190 3417 Ernest.

132 3429 162 3480 id
175 3442 408 3496 supervacaneum
448 3429 559 3498 utabat3
578 3446 742 3502 perperam,
759 3448 845 3501 quum
862 3449 1013 3500 prouomrn.
1031 3431 1096 3491 doe,
1112 3428 1191 3491 titud,

131 3495 160 3545 id
180 3493 289 3562 saepius
308 3494 345 3547 sio
366 3449 565 3562 adhiieantur‚
594 3508 625 3551 ut
648 3514 707 3578 seq.
726 3514 781 3550 acc.
802 3517 824 3550 c.
844 3496 892 3556 ius.
912 3496 996 3568 magis
1020 3493 1191 3549 advertatur.

131 3579 157 3613 v.
170 3559 280 3627 Zumpt.
297 3555 318 3624 i.
333 3559 389 3627 748.
408 3592 440 3602 -
472 3564 535 3615 site
550 3565 605 3631 ipse
622 3575 719 3617 conten.
753 3563 872 3633 »Neque
892 3562 1003 3628 enim«,
1019 3571 1051 3614 ut
1066 3562 1120 3615 Cic.
1137 3577 1189 3631 pro

131 3627 193 3697 lege
206 3625 281 3677 Man.
301 3623 345 3690 13,
361 3624 394 3680 38
408 3634 460 3693 ait,
485 3638 598 3696 »potest
616 3629 771 3702 exereitum
782 3629 804 3681 is
819 3628 976 3693 continere,
994 3627 1085 3698 quise
1101 3628 1190 3697 ipsum

131 3708 187 3744 non
204 3690 355 3746 continete
369 3724 403 3734 —
437 3697 499 3750 erit,
515 3695 604 3754 eredo,
617 3697 778 3764 perieulum,
794 3713 834 3746 ne.
871 3692 998 3747 Verbum
1014 3696 1090 3746 eredo
1107 3696 1189 3747 inter-

131 3756 251 3829 positum
270 3755 374 3809 ironiae
390 3756 511 3816 inservit.
547 3779 571 3809 v.
588 3760 694 3831 Zumpt.
716 3759 740 3827 ᾗ.
754 3778 812 3831 777.
847 3759 950 3813 Sensus
967 3759 1066 3832 igitur:
1089 3762 1191 3829 Neque·

130 3841 209 3893 quam
227 3825 384 3884 verendam,
408 3842 447 3875 ne.
465 3855 498 3865 -
544 3825 654 3888 Graeci,
677 3826 862 3880 semiariani.
882 3857 915 3872 -
953 3844 985 3877 en
1005 3826 1094 3879 annual,
1116 3843 1190 3880 noent.

134 3891 230 3958 quales
245 3888 324 3941 fuere
340 3888 490 3955 Aristides,
508 3887 723 3958 Epaminondas,
745 3891 874 3944 Phocion.
891 3925 922 3934 -
964 3892 995 3943 de
1013 3893 1085 3943 eaelo
1104 3933 1131 3947 ..
1149 3890 1190 3940 de-

131 3955 246 4024 lapsum,
262 3964 294 4006 nt
309 3955 401 4018 heroa,
418 3953 551 4028 singulari
562 3956 686 4007 Deorum
701 3955 835 4009 beneficio
852 3974 884 4011 ac
898 3957 993 4011 favore
1009 3956 1110 4012 datum.
1146 3954 1190 4008 Gi.

131 4019 246 4092 Ruperti
264 4019 298 4072 ad
314 4022 372 4074 Iuv.
393 4032 443 4075 sat.
457 4025 549 4101 mdo:
572 4023 669 4074 tertius
684 4042 697 4073 e
712 4023 783 4077 noeto
800 4025 891 4077 cecidit
906 4026 979 4078 Cato.

195 4083 261 4164 Μ.
295 4105 352 4140 cum
371 4090 480 4157 emperro
499 4111 531 4139 ==
556 4104 661 4141 summa
683 4105 745 4143 curn
768 4099 904 4160 potestate
926 4090 998 4144 civili
1018 4100 1045 4143 et
1065 4084 1190 4153 militari,

248 4165 257 4197 i
