2768 4866
271 297 318 365 36
407 299 442 358 bl.
464 298 495 358 T.
517 296 701 360 CICERONIS
722 296 874 360 aristot.
895 297 945 361 AD
967 299 999 371 Q.
1020 299 1190 365 FRATREM
1327 388 1338 402 .

271 480 348 570 quid
370 499 455 569 opus
473 481 538 548 suit
559 480 722 549 eiusmodi
742 480 868 569 literis,
890 498 975 565 quas
993 481 1038 549 ad
1056 483 1164 570 ipsum
1182 478 1343 555 misisti?

271 586 387 653 nillum
408 604 539 654 crucem
561 586 624 654 sibi
645 587 754 674 ipsum
775 587 1002 676 constituere,
1034 607 1077 656 ex
1105 609 1171 676 qua
1198 596 1237 658 tu
1262 612 1340 659 eum

270 699 350 782 ante
371 693 600 760 detraxisses:
623 696 657 761 te
678 696 886 783 curaturum,
906 694 996 763 sumo
1017 700 1055 762 ut
1072 697 1338 784 combureretur,

269 800 450 889 plaudente
471 804 546 867 tota
571 800 781 887 provincias
831 799 918 882 Quid
945 819 1029 868 vero
1058 800 1102 867 ad
1129 800 1168 869 C.
1191 802 1339 869 lisbium

268 910 384 989 nescio
400 897 529 994 queml
543 943 584 954 -
606 925 682 972 uam
703 925 777 972 eam
798 925 930 994 quoque
952 908 1131 994 epistolam
1153 909 1193 974 Τ.
1213 908 1336 977 Catie-

267 1034 331 1079 nus
354 1015 597 1102 circumgestat
614 1035 678 1078 -ε
701 1013 908 1080 „renuntiari
929 1012 989 1078 tibi
1008 1012 1169 1079 Licinium
1190 1013 1335 1102 plagia·

255 1121 352 1187 rium
373 1139 447 1186 cum
469 1137 530 1185 suo
552 1119 643 1219 pullo
665 1120 801 1187 milvino
824 1118 949 1184 tributa
970 1119 1149 1206 exigeres
1199 1093 1336 1187 fflinde

267 1243 374 1311 rogas
394 1223 545 1312 llabium,
569 1229 624 1290 ›rut
644 1228 679 1291 et
699 1232 828 1312 patrem
850 1230 885 1293 et
905 1224 1009 1316 silium,
1026 1227 1125 1292 vivos
1146 1225 1334 1316 comburat,

268 1333 298 1397 si
320 1331 451 1418 possit:
483 1332 536 1398 sin
557 1333 686 1420 minus,
708 1331 752 1399 ad
773 1339 807 1400 te
826 1334 955 1421 mittat,
976 1333 1025 1399 uti
1045 1331 1167 1398 iudicio
1191 1333 1333 1399 combu-

267 1441 422 1504 rantur«
470 1438 547 1504 Hae
574 1439 695 1506 literae
724 1440 786 1505 abs
812 1444 848 1506 te
869 1458 931 1526 per
950 1440 1059 1505 iocum
1079 1441 1208 1506 missae
1228 1440 1275 1506 ad
1297 1438 1334 1508 C.

268 1543 426 1634 Fabium,
457 1544 607 1610 simodo
629 1550 708 1612 sunt
728 1550 827 1634 tuae,
859 1566 957 1632 quum
978 1547 1159 1635 leguntur,
1180 1546 1333 1614 invidio·

195 1654 229 1740 7.
270 1669 342 1718 sam
372 1652 583 1718 atrocitatem
613 1653 791 1719 verborum
823 1653 958 1720 babent.
1012 1655 1090 1742 Ac,
1124 1655 1155 1719 si
1186 1655 1333 1720 omnium

268 1778 416 1827 mearum
446 1763 631 1845 praecepta
659 1759 830 1827 literarum
857 1765 1016 1850 repetes,
1046 1759 1223 1848 intelliges
1254 1778 1334 1829 esso

268 1865 350 1933 nibil
372 1883 394 1930 a
413 1884 468 1932 me
488 1865 555 1930 nisi
576 1866 740 1931 orationis
756 1866 972 1934 acerbitatem
994 1871 1029 1935 et
1049 1867 1258 1934 iracundiam
1282 1871 1333 1956 et,

269 1973 299 2038 si
319 1970 428 2059 forte,
454 1988 531 2035 raro
554 1968 724 2038 literarum
745 1973 922 2039 missarum
942 1973 1189 2060 indiligentiam
1211 1993 1332 2062 repre·

269 2077 421 2143 hensam.
465 2075 592 2158 Quibus
614 2076 745 2163 quidem
765 2079 801 2144 in
821 2080 922 2147 rebus
945 2081 975 2146 si
996 2081 1084 2168 apud
1103 2088 1136 2148 te
1152 2082 1232 2169 plus
1249 2104 1332 2151 auc·

269 2185 391 2252 toritas
418 2201 512 2270 mea,
544 2201 642 2270 quoru
668 2188 727 2249 tua
755 2185 830 2251 sive
851 2192 971 2253 natrun
991 2188 1103 2273 paullo
1126 2189 1237 2256 acrior
1259 2191 1332 2257 sine

271 2290 435 2378 quaedam
457 2289 598 2357 dulcedo
619 2290 813 2358 iracundiae
833 2294 909 2360 sive
930 2292 1064 2359 dicendi
1088 2294 1141 2360 sal
1162 2294 1332 2363 sacenae-

271 2415 335 2485 que
355 2397 541 2482 valuisset,
570 2398 653 2463 nihil
676 2417 761 2465 sane
783 2403 894 2482 esset,
924 2399 1012 2485 quod
1039 2419 1103 2465 nos
1132 2405 1332 2487 poeniteret.

269 2506 318 2575 ut
337 2505 496 2571 mediocri
517 2524 569 2571 me
592 2505 707 2572 dolore
727 2509 828 2592 putas
850 2505 955 2592 attici,
977 2523 1075 2592 quum
1094 2507 1247 2596 audiam,
1271 2527 1332 2595 qua

270 2613 316 2678 sit
337 2611 584 2679 existimatione
604 2610 801 2699 Vergilius,
823 2629 888 2698 qua
909 2615 986 2678 tuus
1007 2610 1139 2676 vicinus
1161 2610 1201 2679 C.
1226 2612 1330 2682 Octa·

1164 2716 1192 2761 a*

270 2788 306 2839 ad
318 2789 331 2838 i
344 2806 402 2840 som
416 2787 511 2842 filium.
523 2822 557 2834 -
580 2787 662 2858 sumo
678 2799 708 2840 ut
722 2788 793 2841 eumd
810 2825 821 2850 ,
837 2787 853 2841 i.
867 2803 891 2840 a.
910 2797 940 2842 ut
955 2785 988 2841 acl
1003 2785 1123 2859 stipitem
1137 2787 1240 2860 ligatus
1254 2789 1329 2843 furno

270 2870 304 2905 ox
323 2806 439 2918 flumidis
455 2854 533 2927 lignis
551 2856 625 2908 sacto
646 2865 806 2909 necaretur.
833 2854 884 2908 tls.
905 2854 1044 2925 Lamprid.
1060 2853 1192 2909 Alexand.
1210 2859 1276 2910 ch.
1292 2856 1329 2910 db.

270 2918 381 2990 Lipsius
395 2917 428 2972 de
445 2921 536 2975 Cruce
551 2922 577 2988 3,
594 2939 632 2974 ro.
644 2955 677 2966 -
711 2921 782 2985 Quid
792 2937 866 2980 cero,
885 2937 924 2974 sc.
939 2939 1011 2993 opus
1023 2920 1075 2973 fnit
1089 2920 1224 2974 eiusmodi
1238 2922 1330 2986 literis,

270 3001 341 3057 quas
356 2986 392 3036 ad
407 2988 436 3039 C.
449 2988 560 3038 lindiam
575 2985 693 3040 misisti?
706 3017 739 3029 -
771 2987 952 3053 plagiarium,
965 2988 1014 3058 qui
1028 2987 1115 3039 sciens
1129 2987 1255 3041 homines
1267 2987 1330 3041 liba·

269 3067 318 3113 ros
335 3062 382 3104 aut
400 3067 496 3104 servos
516 3052 619 3104 alienos
636 3051 730 3105 dolose
748 3053 872 3119 allectat,
891 3054 955 3107 emit
970 3050 1128 3122 venditque.
1152 3055 1187 3130 V,
1198 3055 1329 3132 Pandeot,

269 3118 750 3255 lo:titt‚subtitulata
765 3119 810 3261 ’.ῗῖ
824 3116 1330 3262 lutitttlttt’ft't‘ltt‘tintl:

270 3249 369 3303 comite
387 3249 415 3302 iu
435 3250 554 3319 rapinis,
580 3251 657 3303 ouius
675 3261 755 3321 pater
776 3249 873 3303 milvus
894 3249 911 3303 i.
931 3267 954 3303 e.
978 3250 1172 3322 rapacissimus
1192 3263 1244 3307 cst.
1289 3251 1328 3305 Gi.
1367 3252 1372 3313 l

269 3315 359 3370 Plaun
374 3316 458 3369 Poen.
472 3319 502 3384 5,
517 3318 548 3384 5,
566 3316 612 3370 13:
630 3329 718 3368 metuo
734 3317 834 3368 milvos.
868 3314 1010 3382 essuos,
1025 3334 1056 3381 a,
1070 3317 1119 3370 bn:
1136 3334 1238 3386 coquas
1255 3319 1330 3370 uilici·
1367 3330 1371 3365 ε

269 3383 311 3433 nis
325 3383 468 3452 „unguibus
483 3416 515 3425 -
548 3384 651 3434 tributo
665 3386 786 3450 exigere,
802 3396 874 3450 quae
886 3381 964 3452 quasi
978 3381 1103 3435 dominus
1118 3381 1275 3457 imperaret
1290 3400 1329 3437 ex·

269 3446 469 3518 primeretqne.
484 3481 517 3492 -
551 3451 646 3500 iudicio
664 3475 697 3497 =
721 3465 751 3501 re
767 3448 900 3513 iudicata,
916 3448 1047 3501 sententia
1064 3447 1128 3501 leta.
1146 3480 1180 3492 -
1215 3450 1330 3502 simodo

270 3525 333 3564 sana
349 3525 427 3576 tuae,
445 3513 497 3568 hoc
510 3513 601 3581 addit,
618 3515 682 3595 quia
696 3514 814 3588 Quintus
829 3512 967 3566 interdum
979 3511 1189 3568 scribendarum
1205 3516 1329 3587 epistola·

270 3595 333 3630 rum
351 3579 457 3650 copiam
469 3580 880 3714 (poprisgacrebatanulumque
904 3579 939 3632 ad
961 3596 1007 3634 eas
1032 3579 1216 3652 obsignandas
1240 3581 1329 3649 daban
1364 3620 1372 3733 Ι

270 3661 295 3697 v.
312 3659 353 3715 cp.
372 3654 494 3703 antece.
530 3666 591 3703 .1.
1372 3654 1374 3661 '

337 3743 361 3816 5.
378 3734 406 3808 7.’
434 3754 500 3789 roro
514 3736 560 3792 iun
580 3735 681 3791 endum
696 3754 759 3790 eum
773 3738 962 3807 reprehensam,
976 3770 1007 3782 -
1034 3743 1175 3792 literarum
1188 3746 1329 3795 massoram
1364 3736 1367 3747 ¹

269 3801 478 3871 indiligentiam,
497 3804 512 3857 i.
525 3821 546 3858 e.
563 3814 700 3859 incautam
714 3803 808 3857 literas
822 3803 960 3859 scribendi
974 3805 1115 3860 rationem.
1129 3839 1162 3850 -
1196 3811 1329 3879 reprobes
1367 3832 1371 3841 ·

270 3885 336 3921 sam.
370 3868 566 3941 E'xpectarcris
580 3872 761 3939 reprehensum
768 3889 781 3934 ,·
799 3880 827 3924 st
843 3872 910 3922 nibil
923 3871 1058 3925 ansildem
1075 3882 1116 3925 est
1132 3873 1211 3943 quod
1228 3874 1330 3929 nannai
1363 3892 1366 3921 t

270 3950 292 3987 s.
311 3945 423 3990 tontum.
437 3967 468 3979 -
502 3935 638 3990 calar'ssct.
664 3937 704 3990 Ita
720 3935 831 3991 Sobiitc.
847 3938 1171 3993 exoouiecturaErnest.
1187 3959 1244 4010 pro
1261 3942 1328 4012 vulg.
1362 3938 1366 3991 i

269 4000 431 4063 valuissent)
457 3999 560 4071 pendet
574 4001 682 4054 cnimh
710 4021 733 4054 v.
753 4018 785 4054 cx
802 4005 951 4053 auctoritas
966 4021 1031 4058 mea.
1050 4037 1082 4046 -
1115 4023 1196 4075 quum
1212 4009 1328 4060 audiam.
1367 4050 1372 4073 ,

270 4064 337 4118 Ern.
359 4077 432 4137 susp.
457 4086 479 4136 q.
497 4067 583 4118 audio.
606 4100 638 4110 -
674 4067 817 4135 Vergilius.
852 4068 936 4140 Vulg.
958 4069 1095 4136 Virgilius.
1130 4072 1158 4139 G.
1177 4072 1329 4142 Vergilius.

270 4130 448 4204 propinquus¹
463 4130 608 4200 Cup-louis,
630 4130 725 4209 Quinti
739 4128 878 4187 Ciceronis
891 4133 920 4191 iu
936 4144 1069 4206 praetura
1083 4136 1207 4210 collega,
1225 4151 1256 4197 et
1273 4151 1329 4194 tun
1368 4142 1372 4151 '
