2768 4866
545 273 607 334 na
630 274 648 332 ι.
691 272 740 331 or.
761 274 779 331 1.
1154 267 1195 338 ta
1299 355 1301 360 ¹

128 478 293 550 quumque
313 459 367 548 id,
389 455 478 546 quod
500 456 662 538 dabatur,
683 473 751 520 non
771 462 867 521 esset
881 455 1111 541 interiturum,
1131 454 1195 525 sed

128 571 164 636 in
180 567 385 655 ornamentis
400 563 517 650 templi
530 563 693 648 futurum,
716 566 751 627 ut
768 580 837 628 non
852 562 931 628 milri
945 563 1075 649 potius,
1098 581 1196 651 quam

128 675 253 762 populo
274 676 428 740 Romano
450 689 492 737 ao
513 668 577 735 diis
598 669 840 736 immortalibus
867 668 979 736 datum
999 669 1193 740 videretur:

127 787 242 848 tamen
264 781 316 867 id,
339 782 458 865 inquo
480 780 553 843 erat
575 774 746 863 dignitas,
769 780 844 842 erat
863 776 940 863 lex,
966 780 1041 843 arat
1061 795 1194 864 eorum,

128 893 185 979 qui
206 888 395 968 iaciebant,
417 884 597 964 uoluntas,
619 878 850 967 accipiendum
871 900 940 947 non
960 881 1076 968 putavi
1097 900 1196 970 quum

128 998 207 1064 aliis
229 994 272 1061 de
294 994 423 1080 causis,
444 996 513 1057 tum
529 990 629 1056 etiam
648 991 684 1054 ut
702 988 813 1053 animo
830 988 991 1074 aequiore
1006 987 1136 1055 ferrent
1153 989 1195 1080 ii,

129 1100 250 1188 quibus
271 1117 336 1165 neo
357 1097 536 1165 deberetur
557 1114 621 1163 neo
641 1095 771 1161 liceret.
815 1094 1027 1181 Quapropter
1042 1095 1197 1163 incumbe
1235 1085 1292 1156 2⁷.

128 1212 202 1272 toto
225 1207 332 1271 animo
355 1209 389 1270 et
409 1202 520 1270 studio
542 1202 630 1267 omni
650 1202 684 1267 in
705 1220 780 1267 eam
801 1201 984 1289 rationem,
1006 1219 1072 1288 qua
1087 1200 1197 1269 adhuc

128 1332 212 1378 usus
240 1331 297 1403 es,
325 1316 362 1378 ut
389 1330 469 1400 eos,
500 1327 586 1396 quos
607 1313 684 1374 tuae
705 1307 784 1374 fidei
803 1310 1033 1394 potestatique
1054 1312 1196 1376 senatus

127 1420 339 1507 populusque
368 1420 543 1484 Romanus
573 1414 738 1480 commisit
765 1420 799 1479 et
825 1412 986 1502 credidit,
1015 1415 1140 1504 diligas
1160 1419 1197 1483 et

130 1527 220 1592 omni
247 1531 379 1593 rationo
409 1527 543 1609 tueare,
573 1524 609 1586 ut
636 1537 715 1586 esse
744 1538 842 1606 quam
862 1519 1077 1587 beatissimos
1097 1522 1195 1590 velia.

130 1631 230 1714 Quod
258 1632 290 1698 si
318 1637 354 1696 te
381 1647 458 1694 sors
487 1627 584 1694 Afris
612 1629 670 1692 aut
690 1625 856 1712 Hispanis
883 1629 941 1691 aut
962 1624 1071 1692 Gallis
1092 1646 1196 1713 prae-

129 1739 293 1825 fecisset,
313 1735 512 1803 immanibus
533 1753 574 1801 ac
596 1732 748 1799 barbaris
769 1731 980 1819 nationibus,
1001 1737 1115 1801 tamen
1136 1751 1197 1824 es-

130 1849 186 1911 set
208 1843 421 1910 humanitatis
441 1846 519 1908 tuae
538 1840 719 1908 consulere
736 1857 849 1905 eorum
871 1841 1053 1909 commodis
1074 1844 1110 1909 et
1129 1842 1198 1907 uti-

129 1951 218 2017 litati
240 1951 408 2037 salutique
429 1949 570 2015 servire.
615 1946 722 2029 Quum
742 1965 826 2014 vero
846 1947 878 2013 ei
893 1948 1016 2035 generi
1031 1948 1199 2015 hominum

128 2059 339 2145 praesimus,
360 2075 429 2122 non
449 2053 547 2121 modo
567 2053 603 2119 in
624 2071 689 2139 quo
711 2054 784 2141 ipso
806 2054 871 2142 sit,
893 2053 956 2122 sed
974 2054 1074 2121 etiam
1092 2073 1114 2122 a
1132 2072 1198 2141 quo

128 2162 172 2230 ad
194 2163 281 2229 alios
301 2165 503 2250 pervenisse
528 2164 665 2248 putetur
691 2161 902 2250 humanitas,
933 2165 1027 2230 certe
1052 2162 1095 2228 iis
1123 2179 1199 2229 eam

128 2262 342 2354 potissimum
360 2265 702 2352 tribueredebemuS,
719 2264 877 2354 aquibus
895 2266 1096 2352 accepimus.
1118 2267 1201 2333 Non
1240 2259 1303 2331 ΒΘ.

128 2373 219 2440 enim
239 2391 293 2438 me
314 2371 380 2437 hoc
400 2371 465 2437 iam
486 2371 601 2438 dicere
617 2371 773 2464 pudebit,
794 2373 993 2460 praesertim
1007 2373 1042 2440 in
1064 2392 1106 2456 aa
1125 2374 1200 2441 vita

130 2483 234 2566 atque
255 2480 288 2544 in
306 2478 348 2544 iis
367 2478 469 2545 rebus
487 2479 619 2566 gestis,
641 2479 676 2545 in
693 2480 813 2567 quibus
830 2498 898 2546 non
915 2484 1030 2567 potest
1045 2480 1199 2548 residere

127 2587 274 2653 inertiae
295 2588 354 2652 aut
374 2585 525 2652 levitatis
547 2585 617 2651 ulla
636 2586 817 2675 suspicio,
832 2601 898 2655 nos
919 2602 983 2674 ea,
1005 2604 1092 2672 quae
1113 2604 1198 2652 con-

130 2695 242 2759 secuti
263 2711 397 2781 sumus,
419 2693 462 2759 iis
482 2691 604 2758 studiis
626 2695 662 2757 et
682 2694 810 2760 artibus
830 2711 909 2763 esse
924 2692 1090 2779 adeptos,
1112 2709 1201 2778 quae
1299 2720 1304 2737 ·

131 2798 202 2864 sint
222 2798 319 2864 nobis
337 2796 502 2866 Graeciae
523 2802 745 2867 monumentis
767 2800 1020 2887 disciplinisque
1039 2797 1197 2867 traditae.

130 2892 245 2989 Quare
260 2908 398 2992 praeter
413 2924 617 2973 communem
631 2905 748 2995 fidem,
770 2926 857 2993 quae
875 2907 1028 2977 omnibus
1043 2905 1197 2995 debetur,

127 3146 212 3203 clusit
226 3148 315 3204 Orell.
324 3154 337 3218 ,'
350 3150 398 3222 qui
412 3149 440 3203 in
454 3149 523 3222 legis
539 3150 658 3203 formula
670 3159 797 3203 neutram
812 3149 895 3204 fuisse
910 3147 982 3204 dicit.
999 3181 1030 3191 -
1064 3148 1194 3216 dignitas,

127 3225 268 3286 quatenus
286 3215 321 3269 ab
340 3215 405 3287 ipsis
423 3215 460 3271 ob
480 3215 596 3269 maxima
612 3214 745 3269 beneficia
762 3226 823 3270 erat
838 3224 936 3287 sponte
954 3211 1116 3282 decretum,
1137 3231 1194 3268 non

125 3280 218 3334 inritis
231 3281 406 3361 imperatum.
418 3315 452 3329 -
479 3283 571 3354 quibas
585 3299 631 3335 nac
647 3281 783 3333 deberetur
798 3298 814 3334 a
828 3281 983 3352 prouincia3
1000 3290 1077 3352 patet
1090 3277 1193 3335 aediles

126 3345 285 3419 significari.
300 3379 333 3390 -
366 3367 413 3401 nec
427 3350 517 3403 b'ccrat
532 3365 569 3402 ec.
586 3345 684 3401 deberi
699 3364 720 3401 s.
739 3363 840 3419 capere
852 3347 994 3419 pecunias.

197 3440 224 3500 ς.
244 3448 285 3501 a7.
319 3438 449 3488 rationem
469 3461 502 3485 =
520 3433 616 3509 agendi
632 3437 712 3493 marn.
730 3470 764 3481 -
804 3449 830 3490 et
846 3439 918 3490 omni
931 3449 986 3495 rot.
1001 3449 1061 3500 ta„
1082 3448 1114 3489 ut
1130 3455 1192 3493 asos.
1264 3477 1266 3482 .

125 3499 248 3556 Facciol.
266 3499 400 3554 coniecit:
423 3513 449 3553 ct
462 3505 535 3554 omni
546 3505 651 3555 rotrone
665 3514 773 3565 tueare,
790 3514 816 3554 et
831 3522 893 3557 sose.
926 3504 1048 3557 Schiita:
1073 3515 1105 3555 at
1121 3521 1190 3562 ama.

127 3578 184 3622 rat.
201 3579 312 3627 tueare,
330 3577 361 3617 at
381 3584 455 3628 csse,-
477 3565 568 3636 addit,
590 3568 746 3623 suaviorem
762 3568 823 3622 fieri
840 3586 890 3624 ana
912 3569 1010 3622 horam
1025 3570 1190 3641 particulam

126 3644 158 3684 aa
175 3630 341 3704 repetendo,
358 3641 387 3686 st
403 3631 513 3687 confert
533 3641 557 3702 s.
570 3633 600 3686 31
621 3645 691 3689 extr.
718 3637 754 3691 V.
772 3634 853 3690 etiam
873 3587 912 3690 ag
926 3633 980 3688 div.
995 3651 1040 3703 ra,
1057 3637 1141 3705 15‚3.
1156 3669 1189 3684 -

129 3701 156 3749 in
173 3717 224 3769 qao
239 3701 296 3780 abac
311 3696 543 3754 dearmatum
559 3697 608 3754 Ed.
622 3715 676 3754 seo.
690 3698 725 3754 dc
739 3701 822 3754 Reiaii
835 3701 1009 3771 coniectura3
1027 3702 1072 3757 vul
1094 3745 1098 3756 .
1113 3708 1187 3774 apsa,

129 3763 206 3834 quod
223 3781 312 3820 minus
328 3762 459 3838 congruit
474 3781 536 3817 cum
553 3783 614 3833 vn,
632 3780 704 3836 quac
720 3778 892 3838 aequantur:
916 3785 934 3818 a
948 3785 1000 3839 qao
1015 3769 1052 3820 ad
1065 3719 1141 3827 affice.
1154 3802 1188 3815 -

129 3840 198 3880 carte
212 3832 244 3882 iis
321 3832 440 3884 tribuere
457 3828 584 3883 debemus.
618 3832 753 3904 Egregius
765 3834 936 3897 sedelocus,
952 3835 1000 3905 qui
1014 3837 1188 3907 praeclaram
1209 3883 1213 3901 ,
1283 3844 1288 3855 “

126 3894 269 4032 Iilriggraqnis
290 3898 423 3969 pietatem
444 3896 472 3951 in
491 3896 646 3969 populum,
673 3895 746 3953 unda
766 3897 865 3970 ingenii
884 3901 1022 3956 culturam
1043 3901 1188 3970 hauserat,

108 4108 110 4113 ,
213 4050 279 4105 .28.
311 4045 384 4104 rarii
397 4051 451 4108 reb.
461 4064 533 4121 gast.
552 4054 637 4127 Vulg.
650 4052 749 4111 omittit
762 4060 841 4112 ria-
869 4057 1187 4126 monumentis=libris,

123 4116 277 4189 operabatur
291 4117 436 4187 discrbb‘sa‘s
449 4144 482 4169 =
496 4119 725 4191 institutionibus,
743 4120 875 4185 doctrina.
890 4157 922 4168 -
955 4125 1081 4181 traditae.
1104 4125 1187 4197 vulg.
