2768 4866
220 193 269 265 26
360 200 396 261 bl.
417 199 449 262 t.
471 197 653 261 CICERONIS
676 195 951 270 aristonico.
973 197 1149 259 FRATREM

220 379 272 468 is,
292 377 337 447 ad
353 396 450 467 quem
467 377 642 467 scribitur,
664 376 708 447 de
722 375 766 443 iis
781 374 902 462 rebus,
924 393 1010 463 quus
1025 374 1194 462 ignorat,
1217 391 1294 442 cer-

117 487 178 558 ³8.
220 485 287 555 tior
302 485 381 574 liat,
403 484 734 573 praetermittendum
754 501 834 550 esse
855 501 922 548 non
937 486 1029 569 puto.
1072 480 1138 551 Sic
1160 481 1210 549 ad
1233 502 1293 549 nos

218 610 338 660 omnes
358 592 432 663 fere
453 592 628 682 deferunt,
649 591 751 676 nihil,
780 610 879 678 quum
907 589 998 657 absit
1024 589 1229 678 iracundia,
1261 594 1293 657 te

219 697 293 767 beri
313 716 415 786 posse
435 697 633 765 iucundius:
655 696 734 785 sed,
756 716 854 784 quum
872 701 905 764 te
926 696 1069 764 alicuius
1084 697 1291 783 improbitas

219 807 494 895 perversitasque
522 804 755 890 commoverit,
787 803 838 869 sic
865 807 899 869 te
926 802 1037 868 animo
1064 803 1231 893 incitari,
1260 809 1292 871 ut

139 897 142 902 ¹
219 914 262 982 ab
285 915 436 982 omnibus
457 919 516 980 tua
537 911 748 978 desideretur
775 910 975 976 humanitas.
1029 908 1167 994 Quare,
1202 930 1291 999 quo·

219 1021 307 1090 num
336 1022 371 1089 in
403 1039 478 1088 eam
507 1020 672 1086 rationem
701 1019 794 1085 vitae
824 1035 984 1084 noanon
1016 1021 1085 1084 tam
1118 1019 1291 1104 cupiditas

218 1128 383 1216 quaedam
411 1127 562 1215 gloriae,
591 1145 689 1213 quam
717 1142 773 1190 res
799 1123 876 1211 ipsa
904 1142 946 1192 uo
966 1123 1105 1192 fortuna
1126 1123 1290 1214 deduxit,

218 1242 257 1305 ut
276 1235 503 1321 sempiternus
527 1251 639 1300 sermo
669 1230 835 1299 hominum
864 1230 906 1297 de
933 1231 1031 1298 nobis
1057 1230 1198 1299 tuturus
1227 1235 1290 1322 sit,

219 1359 419 1426 caveamus,
447 1345 607 1429 quantum
630 1341 766 1408 efficere
787 1346 822 1406 et
844 1339 1002 1426 consequi
1021 1357 1228 1430 possumus,
1258 1346 1292 1409 ut

217 1468 263 1519 ne
285 1447 373 1537 quod
392 1449 427 1516 in
447 1449 544 1516 nobis
565 1449 702 1536 insigne
723 1450 840 1516 vitium
857 1447 963 1514 fuisse
978 1444 1118 1514 dicatur.
1163 1447 1290 1537 Neque

218 1573 285 1644 ego
306 1576 395 1623 nunc
417 1555 479 1624 boc
500 1555 685 1643 contendo,
717 1554 804 1643 quod
832 1554 978 1620 fortasse
1006 1574 1105 1641 quum
1134 1554 1173 1620 in
1203 1559 1292 1625 omni

218 1667 357 1752 natura,
384 1666 454 1732 tum
480 1663 547 1728 iam
567 1663 602 1728 in
622 1667 740 1731 nostro
760 1665 876 1728 aetate
896 1661 1031 1728 difficile
1052 1664 1127 1747 est,
1156 1670 1291 1733 mutare

217 1770 361 1837 animum
382 1775 417 1837 et
436 1771 468 1836 si
489 1768 568 1857 quid
589 1774 643 1836 est
663 1770 797 1855 penitus
819 1771 955 1837 insitum
976 1768 1143 1858 moribuS,
1166 1771 1206 1837 id
1228 1791 1291 1838 su·

218 1877 286 1943 bito
307 1876 479 1943 evellere:
507 1875 571 1942 sed
591 1879 627 1943 te
647 1875 729 1942 illud
751 1876 930 1964 admoneo,
960 1880 1016 1965 nt,
1044 1878 1075 1943 si
1096 1875 1163 1944 boo
1186 1879 1290 1965 plene

214 1983 327 2050 vitare
349 2002 414 2048 non
434 1986 552 2070 poteS,
583 1982 671 2069 quod
691 1987 770 2049 ante
791 1990 972 2071 occupatur
993 1983 1124 2050 animus
1147 1985 1193 2050 ab
1215 1989 1286 2053 ira-

217 2089 361 2177 cundia,
390 2107 488 2176 quam
508 2089 687 2175 providere
708 2091 793 2157 ratio
815 2091 943 2177 potuit,
972 2109 1016 2157 ne
1042 2098 1280 2178 occuparetur,

216 2199 256 2263 ut
276 2199 311 2261 te
332 2199 414 2261 ante
436 2215 609 2284 compares
637 2196 845 2283 quotidieque
868 2197 1031 2264 meditere
1053 2197 1276 2266 resistendum

218 2320 298 2370 esso
320 2302 531 2394 iracundiae3
553 2325 716 2392 quumque
738 2326 779 2372 ea
798 2305 943 2372 maxime
964 2306 1106 2372 animum
1129 2309 1282 2393 moveat,

217 2413 287 2478 tun
304 2410 363 2478 tibi
380 2429 459 2479 esse
478 2411 735 2499 diligentissime
751 2414 902 2501 linguam
920 2410 1174 2479 continendam:
1198 2429 1283 2498 quae

217 2516 349 2606 quidem
369 2519 449 2585 mibi
469 2520 577 2585 virtus
598 2540 666 2585 non
685 2520 850 2587 interdum
871 2520 975 2586 minor
995 2517 1151 2606 videtur,
1186 2538 1285 2605 qnam

217 2627 346 2693 omnino
365 2647 434 2693 non
454 2626 566 2692 irasci.
612 2625 705 2691 ‘Nam
724 2625 806 2692 illud
827 2620 881 2692 est
904 2646 970 2692 non
991 2626 1097 2693 solum
1119 2630 1286 2713 gravitr-⁴

217 2732 282 2822 tis,
303 2731 367 2801 sed
386 2752 622 2819 nonnunquam
642 2734 744 2801 etium
765 2732 991 2803 lentitudinis:
1013 2731 1181 2803 moderari
1199 2755 1285 2802 vero

138 3007 142 3021 ,
216 2987 250 3000 -
272 2954 397 3024 apostolae
433 2960 570 3025 roprium,
585 2958 620 3011 de
664 2976 699 3011 uo
720 2977 744 3010 v.
759 2975 803 3030 ep.
820 2957 854 3011 ad
875 2957 927 3013 div.
947 2962 1019 3027 Μ.
1034 2977 1079 3031 pr.
1096 2993 1126 3003 -
1170 2965 1286 3030 agrasorat

215 3022 324 3075 Ernest.
343 2973 464 3075 malelat
479 3025 604 3091 ignoret,⁸
629 2974 736 3096 alequa
753 3025 925 3079 necessitate.

282 3119 306 3180 §.
324 3111 365 3168 38.
388 3114 460 3193 fieri
468 3140 501 3163 =
518 3130 592 3180 esse,
610 3123 641 3168 ut
656 3133 698 3186 gr.
713 3119 852 3186 γίγνεσθαι
865 3115 979 3185 ponitur
993 3132 1048 3186 pro
1062 3109 1134 3169 εἶναι.
1151 3147 1183 3192 -Ι-
1219 3130 1246 3169 tc
1261 3159 1282 3174 ..

215 3182 385 3236 commoverit
402 3205 435 3228 =
453 3196 523 3234 tram
541 3189 617 3246 tuam
634 3180 801 3235 excitaverit.
819 3215 851 3226 -
885 3183 1015 3234 rotronem
1031 3186 1117 3243 cotue,
1145 3191 1219 3236 vrtac
1236 3199 1284 3254 ge·

215 3264 267 3300 nus
282 3245 455 3318 reipublicae
471 3246 604 3313 dicatum,
622 3257 651 3301 te
666 3246 778 3318 quidem
795 3248 821 3302 in
836 3246 1095 3305 administrationem
1108 3248 1283 3319 provinciae,

215 3329 259 3366 rue
273 3324 364 3367 autem
380 3312 422 3366 rei
436 3303 512 3382 publ]
521 3345 552 3358 -
578 3330 620 3366 ras
634 3316 703 3384 ipsa,
717 3325 803 3369 status
820 3324 847 3369 et
863 3311 983 3369 conditio
997 3330 1094 3368 rerum
1107 3324 1282 3369 nostrarum.

216 3411 247 3422 -
264 3392 295 3430 ut
311 3397 352 3434 ue.
388 3378 485 3432 Lamb.
505 3379 595 3432 omitit
611 3393 650 3434 ut.
687 3380 728 3434 Cf.
745 3383 846 3453 Zumpt
860 3389 883 3449 ἓ.
900 3382 949 3449 347
963 3390 1020 3434 not.
1036 3413 1067 3423 -—
1100 3392 1227 3444 mutare,
1245 3400 1282 3436 sc.

215 3443 326 3497 omnino
341 3455 368 3499 et
384 3445 486 3499 subito.
503 3476 537 3488 -
569 3448 677 3498 evellere
696 3445 884 3502 radicitus...
916 3448 990 3514 plens
1004 3449 1097 3501 vitare.
1123 3447 1238 3504 Ernest.
1254 3459 1283 3503 et

215 3509 328 3565 Schera.
343 3511 439 3578 tacite,
456 3511 535 3564 nullo
549 3509 624 3564 libro
638 3522 769 3581 auctore,
786 3511 923 3567 dederuut
934 3514 1014 3582 plane
1027 3519 1121 3567 arture.
1137 3546 1170 3556 -
1206 3528 1240 3566 ut
1253 3534 1282 3566 sc

215 3586 276 3626 unta
291 3594 372 3644 comp.
405 3576 631 3632 coniunctionem
648 3590 695 3640 ut,
712 3595 784 3649 quae
793 3578 843 3632 iarn
861 3589 924 3632 ante
940 3591 970 3630 ut
986 3581 1013 3631 si
1026 3581 1074 3631 boc
1083 3578 1158 3646 pleae
1171 3577 1283 3648 aderat,

215 3642 358 3713 eleganter
377 3644 539 3714 repetitam,
562 3642 675 3725 quando
694 3645 779 3699 multa
798 3645 1032 3718 interponuntur,
1062 3645 1101 3698 uti
1120 3643 1195 3714 apud
1219 3647 1278 3703 Gic.

142 3775 144 3778 Α
214 3706 300 3762 lead.
316 3709 348 3774 q,
363 3708 411 3826 Ἔό,
428 3711 482 3782 139.
499 3708 533 3763 de
548 3712 628 3767 Frnn.
647 3710 680 3775 3,
697 3711 742 3778 13,
758 3711 799 3778 43.
817 3730 871 3784 pro
889 3712 983 3768 Plano.
998 3712 1048 3778 38,
1061 3729 1093 3783 qa
1122 3712 1209 3782 (Coll.
1227 3717 1280 3767 Xe·

215 3775 301 3852 nopb.
318 3790 368 3828 aua
391 3815 397 3834 .
414 3794 446 3845 7,
459 3781 490 3843 q,
504 3776 544 3846 5.)
560 3794 708 3850 perperam
722 3779 812 3833 omisit
827 3779 951 3834 Lambin.
964 3813 998 3823 -
1030 3797 1057 3828 se
1073 3797 1232 3849 comparare
1246 3807 1280 3831 =

215 3856 339 3910 munire,
355 3840 483 3909 firmare,
501 3853 596 3913 tegere
612 3855 706 3898 contra
722 3862 789 3900 rem.
821 3848 856 3901 V.
872 3848 943 3917 Nep.
959 3843 1094 3913 Thrasyb.
1106 3863 1134 3901 a.
1151 3845 1210 3898 Liv.
1229 3848 1281 3914 38,

217 3923 247 3959 ro
264 3915 335 3962 extr.
352 3939 384 3949 -
415 3910 564 3976 gravitatis
581 3937 613 3960 =
631 3911 834 3982 aequabilitatis
851 3913 947 3976 animi,
967 3911 1134 3965 constantiae
1151 3911 1283 3967 laudabi-

214 3971 261 4052 lia,
275 4005 309 4018 -
342 3973 518 4052 lentitudinis,
534 3975 631 4050 nimiae
650 3977 796 4048 patientiae
815 3977 978 4042 almitatis,
993 3979 1151 4049 doppqrr‘aq,
1172 3978 1200 4033 in
1218 3997 1279 4050 qua

108 4050 112 4058 ’
214 4049 310 4095 vitrum
327 4048 501 4108 continetur,
523 4057 603 4096 curus
618 4044 746 4117 segnities
763 4043 899 4117 quaedam
916 4053 1031 4104 naturae
1048 4062 1131 4100 causa
1148 4055 1199 4101 est.
1236 4046 1281 4105 Cf.
