2768 4866
197 245 269 321 188
349 250 385 310 Μ.
400 249 432 311 Τ.
446 246 631 315 stennone
650 244 803 315 EPlS'fssl.
823 244 872 307 AD
894 244 925 317 Q.
940 244 1109 306 FRATREM

197 432 293 514 tulit,
313 467 354 483 ·-
375 429 459 504 nihil
479 428 586 499 dicen
607 429 773 519 grunius,
793 462 835 479 -·
866 432 903 498 et
929 429 1037 498 minos
1065 434 1194 515 potens
1220 447 1261 496 eo

196 543 365 624 tempore,
385 534 464 623 qnid
483 536 519 605 in
532 554 586 603 me
599 538 771 607 docentem
785 539 925 623 posset,
947 533 1105 603 ostendit.
1149 535 1261 624 Nune,

197 663 296 732 quum
316 661 384 731 ego
403 660 448 711 ne
469 660 581 711 curem
602 642 733 728 quidem
753 640 891 709 multum
909 657 1031 730 posse,
1052 658 1111 709 res
1126 641 1261 726 quidem

195 748 331 836 publica
351 752 445 817 certe
465 748 547 817 nibil
568 749 694 836 possit,
715 746 883 819 mouille
904 747 1166 833 coniectent,
1188 766 1260 816 cnm

194 854 253 921 illo
280 854 355 941 ipsc
383 842 655 925 contenderem?
707 851 768 922 Sic
795 855 882 921 enim
909 853 1100 924 feriendum
1124 855 1260 923 fuisset.

194 960 275 1027 Non
302 960 460 1031 existimo
485 963 522 1031 te
547 963 668 1045 putere
695 956 730 1027 id
757 959 837 1031 mibi
864 959 1120 1045 suscipiendum
1140 959 1261 1029 nume.

146 1120 155 1138 .
197 1067 451 1154 »Alterutrum
472 1065 578 1152 inquit
596 1064 903 1150 idemSallustins,
925 1065 1143 1137 defendisses
1160 1069 1261 1156 idque

196 1174 357 1260 Pompeio
372 1171 588 1244 contendenti
600 1171 779 1243 dedbsesr
801 1175 925 1243 etenim
936 1173 1160 1243 vehementer
1180 1193 1259 1244 cra·

195 1279 294 1349 hat«
345 1277 510 1365 Lepidum
530 1279 670 1349 nmicum
692 1278 909 1366 Sallustium,
937 1281 992 1366 oul
1012 1281 1092 1351 mihi
1112 1285 1174 1351 sut
1194 1282 1258 1352 ini·

196 1385 341 1459 micitius
368 1389 464 1473 putet
490 1386 699 1474 periculosas
725 1387 922 1459 subeundas
944 1387 1052 1470 fnisse
1080 1391 1144 1457 eut.
1168 1388 1258 1459 infa-

195 1492 295 1563 miam
322 1488 581 1580 sempiternam!
633 1495 716 1584 Ego
744 1513 827 1565 vero
854 1494 920 1565 bac
939 1493 1176 1565 mediocritate
1198 1494 1258 1565 de-

194 1599 326 1669 lcotcrr
348 1617 390 1671 ac
410 1598 491 1667 nbi
510 1599 593 1671 illud
613 1600 793 1669 iucundum
812 1604 886 1685 est,
907 1597 1014 1688 qnod,
1037 1617 1140 1686 quum
1158 1602 1260 1669 testi·

193 1707 341 1781 nonium
361 1705 546 1777 secundnm
566 1704 665 1780 fidem
687 1712 723 1779 et
742 1707 943 1796 religionen
970 1707 1181 1794 &arnume
1208 1707 1260 1776 di·

194 1813 340 1899 xissem,
368 1831 447 1880 reus
478 1812 580 1901 dixit,
613 1814 644 1879 si
670 1815 705 1880 in
734 1814 873 1880 civitate
900 1812 1054 1879 licuisset
1076 1811 1142 1878 sibi
1164 1830 1259 1896 esse,

193 1919 275 1986 mibi
294 1937 335 1986 se
355 1919 630 1989 satisfacturum:
647 1889 767 2007 ⁴neque
786 1940 840 1987 me
862 1918 1039 2009 quidquam
1060 1919 1260 2009 interroga·

113 2024 152 2094 4.
195 2024 258 2100 vit.
300 2023 354 2097 ne
374 2025 554 2111 versibus,
575 2044 658 2112 qnos
677 2025 738 2092 tibi
757 2044 845 2097 ame
859 2025 1048 2114 scribitis,
1070 2024 1171 2093 deest
1184 2026 1260 2095 mibi

196 2132 329 2229 quidem
345 2150 466 2219 opera,
489 2150 575 2225 qnae
596 2152 665 2200 non
685 2132 781 2200 modo
802 2138 954 2222 tempus,
975 2131 1038 2198 sed
1060 2132 1163 2198 etiam
1185 2134 1259 2200 ani·

81 2250 84 2255 ’
195 2258 283 2312 nnn
304 2255 447 2311 nocuum
467 2239 510 2304 ab
533 2239 623 2310 omni
642 2258 728 2313 curu>
743 2239 936 2312 desiderat:
958 2238 1020 2307 sed
1039 2239 1143 2310 abest
1161 2240 1262 2309 etiem

195 2441 262 2522 uitii
275 2439 360 2497 dt'ecm
373 2446 499 2511 meusne,
514 2443 666 2524 condicam
681 2442 758 2521 quod
771 2460 837 2499 vere
851 2460 961 2526 possem
972 2443 1100 2521 prcde'drt.
1114 2445 1216 2500 Menoe.
1225 2476 1255 2522 Γ

194 2524 281 2558 menos
291 2518 385 2586 notens
391 2527 404 2573 ,·
421 2520 516 2580 pcstee
531 2527 602 2564 emm
618 2509 740 2567 discessu
753 2511 880 2568 Caesares
895 2520 922 2567 et
936 2511 1027 2569 Crassi
1041 2510 1122 2584 longe
1135 2518 1255 2580 potesne

194 2574 318 2646 Pcrnped
334 2575 450 2629 adauctu
467 2585 517 2632 est.

212 2706 215 2713 -
259 2667 332 2736 §.du
367 2667 545 2723 Alterutrum.
579 2667 676 2723 Iunius
691 2666 825 2725 coniecitt
841 2667 966 2722 Alterum
982 2669 1087 2734 r'gr'tur,
1105 2661 1251 2786 qoodYro·

194 2729 270 2790 havit
287 2733 438 2805 (lenticogl.
474 2732 530 2790 Sed
548 2734 621 2806 vulg.
643 2745 718 2789 recte
736 2734 836 2800 hehet,
862 2734 940 2789 cuiue
957 2749 1067 2789 sensum
1084 2733 1122 2787 its
1141 2748 1192 2802 exp
1203 2731 1257 2785 ieet

194 2798 300 2856 Orelle
323 2799 524 2859 »Alterutrum
548 2800 676 2855 fecisses!
710 2817 841 2855 accusare
861 2799 885 2854 si
903 2799 1032 2862 nolebas,
1051 2796 1260 2854 defendissent«

194 2874 222 2917 et
245 2884 281 2921 ue
293 2864 331 2921 sic
348 2865 399 2927 iem
414 2864 554 2921 Wielcnd.
569 2867 661 2923 locum
678 2865 805 2921 reddidit.
819 2899 852 2909 -
886 2864 1042 2932 effendentes
1058 2890 1092 2914 =
1110 2863 1259 2921 defendere

195 2881 325 2988 debetne.
357 2931 620 2999 sicVerr.1‚4e=
646 2934 762 2988 Vceom'a
779 2934 821 2986 lere
838 2944 864 2983 te
880 2932 998 2982 oidcb'cet
1014 2930 1171 2985 delectabat.
1205 2932 1262 2984 Ima·-

193 3007 269 3051 tctus
285 3015 352 3049 esser
368 3000 453 3066 absunt
471 3000 546 3050 illum
562 3002 589 3052 0.
609 2999 752 3053 Voconium
759 3017 772 3062 ,⁸
790 2999 824 3052 de
840 2996 888 3050 off.
907 2997 938 3063 3,
955 3013 1000 3051 ro:
1022 2999 1091 3048 mole
1106 2999 1189 3049 Curio
1210 3038 1258 3053 ...

193 3066 283 3117 vincat
299 3064 404 3115 utr'le‘tas
411 3082 424 3126 ,·
437 3067 529 3132 potius
545 3066 644 3120 diceret
657 3074 708 3120 cet.
720 3097 752 3108 -
785 3064 993 3119 contendenti:
1004 3061 1082 3117 valde
1100 3062 1261 3135 roganti.-

194 3129 306 3183 dedbsee
321 3155 354 3180 =
373 3129 517 3201 tribuere,
537 3129 684 3204 gratificari
702 3129 831 3186 debebas.
847 3162 881 3173 -
922 3129 1073 3184 r'm'ms‘et'tics
1097 3147 1161 3183 eum
1184 3130 1262 3183 Pom·

193 3196 273 3268 puio,
290 3196 313 3250 si
327 3212 506 3250 accusantem.
523 3229 555 3245 -ε
587 3195 748 3264 infamium
759 3195 782 3251 si
794 3192 984 3252 defendissem
1014 3188 1050 3250 Et
1063 3204 1156 3249 nmen
1172 3195 1259 3267 psulc

214 3274 258 3319 cat
280 3261 427 3318 Gabinium
450 3259 578 3317 defendit.
611 3261 651 3318 Cf.
675 3263 708 3317 ed
725 3268 748 3334 §.
767 3263 796 3319 15
815 3271 883 3316 extr.
900 3277 943 3344 ep.
961 3261 987 3316 b.
1004 3260 1023 3314 l.
1039 3293 1071 3302 -
1103 3273 1191 3331 putet.
1226 3261 1262 3316 V.

193 3280 303 3402 derunt.
318 3327 457 3397 §.564-
488 3328 537 3382 dce
552 3330 743 3393 mediocritate,
784 3327 838 3382 ned
854 3326 972 3382 mediam
984 3326 1148 3399 quesiviam
1164 3337 1259 3381 tenue·

193 3395 433 3462 rim‚'testimcnic
452 3405 557 3449 tuntum
574 3393 647 3450 dete.
681 3396 743 3454 V.‘
777 3412 837 3450 rae
859 3410 903 3464 .9.
921 3401 944 3462 ς.
962 3412 983 3446 1.
997 3426 1031 3442 -
1064 3396 1090 3444 er'
1104 3396 1132 3445 in
1149 3395 1260 3447 cr‘oitste

193 3461 308 3514 le'cutmet
325 3463 377 3514 sibi
389 3481 443 3514 erre
464 3488 497 3512 =
520 3461 542 3515 si
558 3460 701 3519 absolutus
718 3473 807 3530 esset3
850 3459 949 3514 emnoti
968 3458 1038 3512 enim
1060 3457 1093 3513 de
1114 3459 1257 3513 maiestate

193 3527 341 3585 exulabant
367 3561 400 3572 -
432 3528 652 3597 successurorum,
670 3529 783 3601 gratiam
799 3530 971 3594 relaturum,
988 3523 1082 3597 quod,
1098 3523 1257 3581 testimonio

192 3603 351 3663 contentus,
370 3611 432 3651 eum
445 3613 500 3648 non
518 3610 696 3650 accusassem.
713 3628 743 3637 —
777 3595 973 3663 interrogauit,
989 3590 1066 3663 quod
1082 3590 1175 3647 faeere
1195 3592 1256 3646 lies·

192 3657 242 3712 bet
255 3659 328 3729 reis,¹
343 3661 392 3714 nbi
407 3661 440 3715 de
454 3661 564 3716 testium
581 3659 737 3715 smeeritste
752 3658 950 3724 dubitabatur,
966 3676 1024 3731 quc
1042 3674 1089 3712 eos
1101 3656 1129 3710 in
1146 3655 1255 3713 menda·

192 3723 235 3785 cio
249 3722 497 3797 deprehenderent.
532 3728 578 3782 Sic
594 3742 610 3781 a
626 3743 676 3781 reo
690 3726 794 3781 Milone
807 3724 992 3799 interrogatos
1007 3733 1105 3789 testes,
1124 3739 1197 3795 qnos
1214 3739 1256 3776 sc·

99 3800 102 3807 ”
191 3800 305 3845 cusator
321 3791 509 3862 produxerat,
529 3791 601 3874 eund
618 3791 767 3847 Pediennm
783 3791 885 3877 legitur
891 3810 900 3862 3
927 3809 983 3864 neq.
1003 3809 1042 3843 me
1059 3790 1146 3864 qcr'dq.
1160 3792 1257 3842 e'nterr.

190 3856 274 3930 igitur
287 3855 358 3910 idern
371 3869 413 3913 est
425 3877 456 3913 ac
473 3859 497 3919 si
511 3858 634 3921 dixisset:
662 3859 869 3916 »testimouium
888 3875 980 3913 meum
1000 3855 1153 3911 secuudum
1172 3853 1255 3910 tidem

192 3934 221 3979 et
236 3922 395 3996 religionem
411 3925 495 3981 fuisse
510 3925 650 4001 eguerit«

234 4025 280 4098 j.
296 4022 321 4087 4.
353 4018 394 4070 De
409 4020 537 4096 ceribus.
563 4009 751 4097 Gfisupgeed
767 4017 787 4072 l.
800 4033 825 4096 n.
844 4032 889 4096 op.
906 4017 945 4071 ro.
958 4020 981 4085 §,
997 4017 1022 4082 4.
1040 4046 1073 4059 -
1103 4014 1173 4066 deest
1190 4013 1259 4064 metes·

192 4086 294 4154 quidm
310 4100 410 4156 opero,
427 4102 444 4140 ι.
457 4099 481 4140 e.
498 4099 611 4154 operum
624 4101 652 4137 m
666 4101 698 4138 ns
715 4080 886 4154 pertinerent
901 4096 1005 4155 ponere
1018 4097 1076 4140 neu
1090 4097 1253 4153 possum...
