2768 4866
540 236 600 296 LIB.
621 236 641 296 l.
682 237 731 297 EP.
754 235 773 295 l.
1159 233 1186 301 9

126 415 284 505 luntatis,
304 416 368 483 sed
382 416 480 482 testis
496 421 588 482 tuae.
630 417 808 481 Ascensus
828 416 874 483 sit
887 432 928 483 eo
946 433 1100 505 numero,
1123 436 1186 502 quo

127 539 202 587 eum
221 523 366 589 maiores
383 523 491 588 nostri
508 539 588 588 esse
601 520 799 587 volucrunt:
821 521 877 605 qui
896 520 959 587 hoc
979 541 1046 588 nou
1066 522 1101 587 in
1122 521 1186 588 be·

127 628 238 695 melicii
257 629 350 718 loco,
371 628 434 696 sed
456 629 491 694 in
511 627 635 694 laboris
652 644 693 692 ac
707 628 874 715 muneris,
895 647 961 694 non
981 632 1107 695 temere
1119 628 1187 694 nisi

126 737 258 803 libertis
282 737 354 802 suis
383 733 601 821 deferebant3
633 733 752 818 quibus
773 733 822 799 illi
845 733 977 818 quidem
995 755 1063 801 non
1083 735 1186 802 multo

126 861 228 910 secus
249 862 292 909 ac
313 842 423 907 servis
444 840 662 927 imperabant.
710 837 766 905 Sit
785 838 883 905 lictor
902 858 970 905 non
990 858 1093 929 suae,
1123 840 1187 906 sed

127 952 207 1014 tuae
234 946 382 1013 lenitatis
409 945 599 1031 apparitor:
633 945 821 1030 maioraque
847 945 1044 1030 praeierant
1072 945 1187 1013 fasces

126 1055 177 1120 illi
208 1071 249 1119 ac
279 1069 417 1118 secures
451 1050 627 1139 dignitatis
660 1052 832 1141 insignia,
868 1070 964 1139 quam
994 1053 1189 1138 potestatis.

128 1159 207 1226 Toti
228 1157 369 1244 denique
388 1159 434 1226 sit
449 1159 644 1245 provinciae
661 1161 833 1254 cognitum
850 1160 910 1226 tibi
929 1160 1088 1245 omnium,
1110 1159 1187 1245 qui-

128 1265 192 1331 bus
208 1267 358 1354 praesis,
373 1265 535 1355 salutem,
548 1266 691 1354 liberos,
707 1265 845 1355 tamam,
867 1266 1018 1333 fortunas
1031 1282 1110 1332 esse
1125 1283 1186 1332 ca·

128 1372 290 1439 rissimas.
338 1374 492 1459 Denique
512 1374 598 1439 haec
620 1372 729 1458 opinio
751 1373 818 1460 sit,
845 1372 1028 1439 nonmodo
1048 1374 1109 1461 iis,
1132 1373 1189 1458 qui

127 1479 254 1567 aliquid
275 1481 487 1566 acceperint,
508 1478 571 1545 sed
592 1478 634 1542 iis
656 1477 774 1565 etiam,
796 1477 851 1562 qui
872 1476 1041 1567 dederint,
1063 1483 1099 1545 te
1118 1479 1187 1543 ini-

126 1587 266 1670 micum,
294 1588 325 1652 si
344 1586 380 1651 id
402 1585 622 1672 cognoveris,
644 1584 798 1649 futurum.
848 1582 969 1670 Neque
989 1602 1071 1650 vero
1092 1584 1188 1670 quis-

127 1712 226 1779 quam
246 1692 357 1781 dabit,
386 1709 484 1778 quum
504 1693 568 1758 crit
587 1691 651 1758 hoc
671 1694 905 1778 perspectum,
926 1689 1009 1755 nihil
1029 1689 1091 1776 pe'r
1112 1709 1189 1776 eos,

129 1799 187 1884 qui
208 1798 366 1864 simulant
387 1816 426 1864 se
447 1797 536 1884 apud
556 1801 591 1863 te
611 1797 746 1862 multum
767 1815 891 1885 posse,
924 1797 986 1863 abs
1015 1802 1050 1862 te
1076 1796 1190 1862 solere

126 1903 308 1989 impetrari.
349 1901 426 1968 Nec
447 1906 559 1968 tamen
578 1903 664 1970 haec
679 1904 785 1970 oratio
804 1922 880 1969 mea
897 1906 951 1969 est
970 1902 1134 1969 eiusmodi
1153 1910 1191 1968 ut
1230 1898 1289 1966 14.

126 2015 162 2075 te
182 2009 218 2075 iu
238 2012 313 2074 tuos
335 2011 394 2074 sut
414 2007 530 2074 durum
550 2027 629 2075 esse
649 2011 783 2076 nimium
804 2014 862 2077 aut
883 2010 1103 2096 suspiciosum
1122 2028 1188 2076 ve·
1289 2004 1291 2009 ’

126 2115 193 2181 lim.
241 2115 331 2182 Nam
357 2115 388 2181 si
417 2115 490 2201 quis
511 2118 567 2182 est
594 2134 726 2203 corum,
760 2115 815 2201 qui
843 2115 902 2181 tibi
927 2115 1053 2181 biennii
1079 2115 1190 2200 spatio

126 2241 294 2309 nunquam
314 2222 350 2287 in
371 2222 593 2309 suspicionem
621 2220 788 2289 avaritiae
814 2222 966 2308 venerit,
989 2258 1029 2270 -
1057 2224 1094 2286 ut
1121 2238 1189 2308 ego

127 2327 285 2396 Caesium
312 2331 347 2394 et
364 2326 585 2415 Chaerippum
602 2331 638 2394 et
651 2327 842 2395 Labeonem
863 2331 899 2394 ct
918 2328 1017 2395 audio
1038 2332 1090 2416 ct,
1111 2327 1189 2413 quia

127 2435 292 2524 cognovi,
322 2435 477 2502 existimo
495 2464 549 2483 ·-
576 2433 660 2499 nihil
679 2437 756 2521 est,
788 2431 877 2520 quod
896 2452 963 2499 non
984 2436 1019 2498 et
1039 2433 1082 2497 iis
1102 2432 1189 2499 etsi

126 2542 201 2629 quis
223 2545 278 2610 est
297 2541 384 2608 alius
405 2539 645 2608 eiusdemmodi
664 2545 699 2608 et
720 2540 877 2608 committi
898 2544 933 2606 et
954 2538 1046 2607 credi
1063 2539 1187 2607 rectis-

125 2649 211 2715 sime
236 2652 361 2735 putem.
416 2646 490 2716 Sed
511 2648 542 2712 si
563 2647 638 2734 quis
659 2650 732 2736 est,
762 2648 797 2713 in
819 2647 968 2734 quoiam
990 2644 1188 2731 offenderis,
1253 2677 1256 2684 ·

128 2752 172 2820 de
193 2772 258 2839 quo
280 2753 404 2840 aliquid
425 2753 601 2839 senseris3
633 2753 710 2818 huic
730 2750 813 2817 nihil
834 2749 1037 2839 credideris,
1064 2749 1188 2840 nullam

125 2861 257 2946 partem
277 2856 535 2925 existimationis
557 2862 635 2924 tuae
657 2857 873 2924 commiseris.

126 3019 188 3072 min.
201 3019 278 3073 alren.
293 3017 451 3080 voluntaris,
463 3035 521 3090 quo
536 3019 606 3089 quis,
643 3019 729 3074 uoties
745 3019 818 3085 velit,
833 3018 872 3074 uti
886 3018 977 3089 possit.
990 3048 1024 3063 -
1047 3024 1191 3081 Ascensus,

125 3083 249 3201 ministgr
261 3083 494 3205 P⁰b¹i⁰u⁸12⁰¹ssi⁰t⁵
509 3095 579 3164 erat,
592 3086 744 3205 litigaetorep
756 3083 935 3205 iuttorumpd
947 3087 1191 3205 preqctoremspp'epg

125 3165 516 3297 zuzeqovo-papptqacrpetpwep
530 3169 733 3272 rspccrppaurtapipp
746 3171 780 3263 ἲ]-
793 3171 848 3268 mg
863 3169 976 3284 dznfffirea·
991 3171 1076 3279 bfbo's
1091 3233 1148 3287 quo
1165 3214 1190 3267 ei

126 3297 242 3399 bittit
249 3285 732 3420 tlietberti?titinio
746 3285 1057 3421 fttttzqilttai:
1069 3297 1192 3398 stri-1

126 3413 218 3490 lotia·
232 3412 260 3464 in
275 3413 415 3482 puniendo
434 3415 639 3470 moderationis.
674 3416 746 3471 Vult
762 3415 863 3487 igitur,
886 3425 917 3468 ut
933 3415 1052 3490 Quintus
1067 3414 1074 3466 i
1097 3428 1125 3466 se
1140 3430 1191 3484 pu·

126 3475 222 3554 mendi
236 3476 348 3554 mnodum
363 3490 479 3549 statuat,
495 3499 551 3535 non
566 3481 656 3535 lictori
676 3482 831 3552 permittat,
848 3481 896 3552 qui
909 3480 1006 3547 facile,
1022 3488 1052 3532 ut
1091 3477 1190 3543 estius,

126 3544 228 3597 Verris
248 3543 347 3609 luctor,
371 3544 510 3601 lenitatem
531 3548 560 3601 iu
582 3565 662 3602 suum
685 3558 831 3620 quaestum
858 3556 980 3600 verteret
1002 3547 1190 3615 redderetque

128 3610 216 3663 Verr.
231 3607 263 3675 ὅ,
276 3609 319 3675 45.
359 3608 437 3665 Unde
452 3630 508 3666 non
524 3623 582 3681 est,
626 3613 682 3667 uod
702 3633 765 3667 cum
781 3613 882 3668 Ursino
901 3629 1032 3664 consuas
1047 3613 1189 3671 succinae,

127 3683 177 3728 aut
195 3692 258 3728 eum
273 3676 402 3728 Ernestio
425 3695 478 3730 non
492 3698 555 3732 suae
578 3630 724 3732 cadeniaco
741 3680 873 3753 legemus.
887 3707 920 3719 -
964 3679 1011 3748 qui
1031 3678 1132 3748 aliquid
1149 3695 1191 3730 ac

127 3742 258 3859 φρανξκε,
286 3740 416 3862 ntimirum
433 3742 520 3812 dona,
546 3747 648 3816 quibus
667 3752 936 3816 corrumperentur,
961 3753 992 3797 ut
1008 3742 1142 3815 aliquida
1161 3753 1189 3799 te

128 3822 200 3878 impe
214 3823 297 3861 rerem
313 3847 318 3861 .

194 3876 277 3942 §.14
313 3874 432 3926 Caecum
453 3886 477 3926 et
500 3876 536 3928 Cb
565 3887 591 3928 et
607 3877 670 3930 Lab.
705 3879 737 3930 Iu
754 3877 870 3931 cohorte
889 3873 1036 3946 praetoris,
1054 3889 1189 3927 commen-

127 3935 230 3991 salibus
247 3941 396 4060 parvisgue
413 3939 505 4075 apripis
521 3938 610 4063 6spisse
627 3940 764 4064 vidpntur.
778 3976 811 3987 -
853 3944 954 4060 sidparss
970 3967 1004 4060 =h
1023 3939 1191 4062 'f'ffss-(ffl

125 4008 448 4144 ffissomgoeessffir.
479 4027 517 4131 V¹
538 4025 618 4132 c'rresss’.
631 4026 667 4132 pp
680 4008 963 4144 dnardrfffeffuczdis
971 4049 1071 4131 in'Gic.
1086 4025 1132 4143 gp..
1154 4067 1189 4122 ad
