2768 4866
402 222 405 230 ’
455 258 518 320 nro.
539 258 571 319 n.
612 256 664 316 nr.
685 255 728 316 vr.
1069 244 1117 314 ⁷7

56 440 247 528 commode,
277 440 319 505 de
341 437 448 504 Sexto
475 435 609 503 Clodios
638 453 734 522 quem
755 449 864 518 neque
885 432 948 497 boc
968 435 1117 516 ternpore
1158 435 1162 439 ’

54 557 164 636 neque
185 547 226 612 ab
248 545 422 611 imbecillis
439 542 692 608 accusatoribus
711 541 787 605 milri
808 540 936 626 placuit·
952 537 1116 630 accusari.

55 656 101 722 Ei
122 658 192 718 tres
213 649 406 716 sententiae
429 647 606 713 deterrimo
620 650 654 712 in
669 647 808 713 consilio
823 645 1011 711 defuerunt.
1041 642 1117 708 lta-

57 778 122 846 que
143 759 306 824 hominem
326 754 470 842 populus
485 759 624 820 revocat
638 760 673 819 et
685 753 877 818 retrahatur
890 757 1034 818 necesse
1053 754 1117 836 est.

55 867 135 932 Non
155 867 244 931 enim
265 865 376 929 seruant
403 863 576 929 homines:
608 861 764 945 etquis,
798 879 896 945 quum
922 856 1011 944 apud
1039 874 1120 923 suos

57 964 204 1059 diceret,
233 988 342 1056 paene
364 968 542 1034 damnatus
564 971 638 1054 est,
670 966 788 1031 vident
816 963 1019 1030 damnatum.
1067 964 1120 1028 Ele

57 1078 134 1164 ipsa
161 1078 195 1141 in
218 1094 254 1141 re
275 1075 426 1160 Pompeii
447 1073 586 1138 offensio
608 1073 705 1137 nobis
726 1073 865 1138 obstitit.
918 1071 1121 1140 Senatorum

57 1186 146 1251 enim
167 1201 251 1247 urna
271 1182 408 1267 copiose
437 1179 603 1265 absolvit,
634 1180 779 1264 equitum
805 1178 1026 1267 adaequavit,
1057 1179 1121 1244 tri-

58 1292 139 1357 buni
156 1289 279 1355 aerarii
298 1287 571 1354 condemnarunt.
615 1282 687 1351 Sed
704 1285 768 1350 hoc
782 1285 1022 1351 incommodum
1038 1302 1122 1350 con·

57 1376 445 1484 solanturlquotidianae
467 1389 696 1456 damnationes
712 1389 934 1477 inimicorum,
955 1387 1123 1476 inquibus

57 1522 111 1569 me
132 1502 330 1589 perlubente
353 1498 497 1566 Servius
519 1495 638 1560 allisus
660 1498 735 1581 est,
764 1493 870 1560 ceteri
891 1492 1127 1569 conciduntur„

59 1608 99 1676 C.
123 1607 209 1675 Cato
231 1607 451 1672 concionatus
474 1606 544 1687 est,
579 1598 659 1689 [ae]
687 1601 820 1666 comitia
841 1600 958 1665 haberi
979 1619 1045 1665 non
1070 1600 1124 1664 si-
1216 1593 1221 1604 '

63 1718 184 1799 turum,
206 1710 236 1776 si
257 1708 322 1773 sibi
343 1727 417 1774 oum
437 1706 561 1792 populo
575 1707 657 1789 dies
678 1706 805 1795 agendi
825 1711 944 1773 essent
963 1705 1122 1791 exempti.

59 1819 192 1905 Appius
212 1835 234 1883 a
256 1813 406 1883 Caesare
426 1813 571 1879 nondum
589 1795 750 1878 redierat.
798 1810 889 1876 'luas
918 1808 1056 1878 mirifice
1076 1809 1123 1876 li·
1163 1805 1200 1873 7.

59 2063 117 2113 Sea.
128 2058 218 2109 Clodio
234 2053 317 2108 edidit
327 2053 438 2107 Schiita.
453 2070 485 2106 ex
502 2054 660 2108 coniectura
670 2056 776 2108 Manat.
794 2072 848 2125 pro
866 2055 940 2127 vulg.
958 2056 1122 2108 Semc'asls'o.
1276 2044 1292 2077 ⁰

61 2126 174 2180 Sextum
184 2122 253 2175 enim
261 2119 579 2192 Clodiumhoctempore
592 2131 749 2175 accusatum
763 2118 978 2193 absolutumque
988 2137 1048 2175 esse
1059 2137 1122 2174 con·

64 2201 117 2245 stat
133 2206 165 2243 ex
181 2207 223 2244 or.
236 2204 289 2259 pro
303 2187 396 2242 Caelio
412 2186 487 2240 eda.
503 2219 537 2229 -
569 2189 617 2241 loo
630 2199 682 2239 tem
700 2205 762 2248 ors,
777 2202 834 2269 quo
848 2189 878 2242 P.
890 2187 1001 2243 Clodius
1013 2185 1123 2254 aedilit,

64 2254 249 2327 perennius,
267 2252 412 2306 sublevare
427 2269 489 2305 eum
503 2263 623 2326 poterat,
643 2264 671 2307 et
680 2207 828 2332 l'omperus
841 2253 946 2307 senatui
958 2253 1124 2325 populoque

65 2338 120 2373 non
137 2318 282 2372 admodum
299 2334 378 2372 carus
393 2329 462 2373 erat.
473 2351 507 2361 -
540 2320 679 2370 deterrimo
696 2318 770 2372 dedit
785 2319 873 2373 Orell.
889 2319 923 2372 de
936 2321 1039 2374 Bentiv.
1059 2336 1123 2373 eon·

63 2386 186 2450 iectura,
210 2385 257 2455 qui
273 2394 363 2437 tamen
378 2385 437 2456 ipse
454 2385 560 2465 recepit
579 2384 699 2439 Schiitnii
721 2385 952 2439 emendationem:
974 2389 1121 2441 tatere-aian.

64 2452 174 2524 Vulgo:
191 2452 347 2501 teterrimae.
364 2483 394 2492 -
435 2453 543 2502 consilto
563 2449 689 2504 iudicum.
707 2482 740 2492 —
782 2450 922 2518 defuerunt
944 2449 978 2504 ad
997 2452 1124 2506 condem·

63 2520 211 2572 nationem.
226 2543 258 2555 -
290 2528 397 2568 revocat
411 2514 446 2570 ud
461 2516 589 2569 iudicium
605 2517 621 2571 i.
634 2533 657 2569 e.
672 2515 762 2569 denuo
777 2515 961 2570 accusandum
976 2532 1034 2570 esse
1048 2515 1123 2572 dicit.

63 2583 271 2636 ..retrahatur
291 2580 434 2636 irrina-
467 2582 566 2651 serant
588 2582 789 2637 absolutionem
813 2583 879 2637 eius.
903 2615 934 2624 -
967 2583 1039 2652 apud
1060 2601 1144 2647 murs¹

62 2650 79 2704 i.
89 2667 112 2704 e.
128 2647 201 2719 apud
217 2646 320 2700 iudices
333 2650 358 2701 ei
369 2648 500 2703 faventes.
513 2678 546 2690 -
575 2651 626 2702 oid.
639 2649 802 2710 damnatam,
816 2648 867 2702 sibi
880 2651 1048 2719 persuadent
1061 2647 1124 2702 fors
1160 2683 1164 2692 ·

67 2727 98 2771 ut
117 2713 271 2767 damnetur.
288 2745 321 2755 -
354 2714 440 2783 Pomp.
458 2714 564 2782 ficatio
580 2715 598 2771 i.
614 2731 636 2767 e.
653 2717 757 2768 animus
772 2714 798 2767 in
810 2714 971 2786 Pompeium
986 2714 1125 2780 offensus,

66 2782 190 2835 alienior.
210 2813 239 2822 -
277 2780 395 2840 obstitit,
419 2781 523 2844 effecit,
548 2789 578 2832 ut
602 2779 803 2834 absolveretur.
821 2813 854 2824 -
887 2799 966 2834 arna.
1000 2781 1041 2835 Ex
1062 2781 1125 2852 lege

63 2846 178 2902 Aurelia
202 2844 233 2896 L.
248 2843 354 2896 Aurelii
371 2845 468 2897 Cottae
484 2845 621 2916 praetoris
641 2863 728 2917 quum
746 2856 804 2898 tres
823 2846 948 2915 ordines,
967 2854 1135 2914 senatores,

64 2914 189 2986 equites,
217 2908 322 2961 tribuni
345 2911 444 2962 aerarii
464 2909 632 2976 iudicarent,
661 2922 717 2965 tres
732 2927 846 2982 quoque
864 2924 943 2967 erant
965 2929 1067 2977 urnae,
1096 2911 1125 2966 in

65 2995 135 3051 quas
152 2974 299 3046 separatim
316 2976 450 3047 cuiusque
470 2974 573 3032 ordinis
588 2978 707 3031 tabellae
731 2977 923 3048 (absolutionis
942 2980 985 3033 vel
999 2978 1126 3032 condem·

63 3045 194 3161 nationipp
211 3039 444 3108 conficiebantur,
467 3042 613 3113 inquibus
633 3043 790 3097 dirimendis
808 3045 894 3098 maior
912 3045 1125 3112 sententiarum,

66 3129 122 3165 non
136 3128 169 3162 or
190 3109 274 3174 inum,
287 3124 419 3161 numerus
434 3111 619 3179 spectabatur.
633 3143 663 3151 —
682 3113 795 3179 coposiore,
809 3110 855 3164 lon
874 3127 889 3163 e
902 3114 1005 3165 maiore
1020 3120 1127 3164 senato-

66 3196 129 3231 rum
148 3185 235 3246 parte.
272 3192 296 3226 v.
313 3171 347 3225 ad
364 3171 416 3229 dir.
434 3175 513 3241 8,8‚
529 3177 554 3230 3.
580 3193 632 3246 pro
647 3177 754 3229 Cluent.
772 3192 821 3235 ²72
847 3128 1031 3232 bennenom
1048 3187 1126 3227 erant

65 3244 134 3294 itari
149 3241 244 3292 iuda‘oer
258 3241 373 3306 triginta
391 3252 416 3291 et
434 3243 485 3292 duo
491 3260 505 3305 ,·
528 3243 663 3293 centennis
684 3243 767 3294 decem
788 3254 814 3293 et
827 3261 873 3294 tea
888 3244 1019 3294 absolutio
1036 3243 1131 3309 sospiti

61 3319 180 3378 poterat.
194 3337 226 3349 -
260 3306 415 3376 adaequavit
439 3307 455 3359 i.
470 3324 491 3359 e.
515 3323 596 3376 pares
613 3306 812 3360 absolventium
838 3317 866 3361 et
887 3307 1125 3362 condemnantium

64 3372 212 3429 sententias
229 3370 368 3425 continuit.
384 3405 417 3416 -
450 3373 552 3424 trr'bum'
565 3375 682 3434 cerami,
701 3372 734 3425 de
750 3373 853 3444 quibus
872 3393 896 3427 v.
912 3376 1008 3428 Cetos
1032 3371 1125 3432 ‚Gelt

68 3458 101 3506 7,
120 3454 158 3489 ro.
176 3437 246 3488 infra
267 3453 310 3506 ep.
334 3439 379 3501 ab,
396 3438 420 3490 3,
438 3448 465 3491 et
483 3440 589 3492 Manat.
605 3436 640 3489 ad
659 3439 684 3491 b.
703 3439 721 3492 l.
743 3469 773 3478 -
807 3439 914 3492 Servetur
958 3391 1045 3497 Orell.
1066 3452 1127 3493 esse

66 3503 177 3557 videtur
190 3502 302 3555 Servius
317 3503 401 3566 Pola3
427 3503 461 3557 cl.
477 3504 547 3556 inira
565 3520 609 3575 ep.
627 3504 657 3557 13
682 3503 716 3555 ad
731 3504 794 3557 fam.
809 3504 840 3572 8,
858 3521 895 3558 ra.
919 3507 987 3558 labn
1004 3504 1038 3559 ad
1055 3507 1125 3561 Hor.

51 3580 116 3625 ‚eat
129 3586 160 3636 a,
177 3587 205 3634 1,
221 3572 262 3632 47.
280 3598 311 3610 -
345 3568 439 3620 allisum
453 3581 508 3632 stt,
524 3581 654 3641 tanquam
669 3569 828 3652 naufragio,
849 3571 1003 3650 periculum
1018 3569 1128 3625 dumnu-

67 3635 148 3691 atonis
165 3632 208 3686 vix
222 3631 324 3710 effugit.
337 3662 370 3672 —
404 3637 592 3697 conciduntur,
605 3634 764 3755 perduntur
777 3636 891 3703 audiero,
905 3634 1070 3690 damnentur
1092 3669 1127 3682 -

68 3699 134 3779 [ce]
153 3700 237 3772 vulgo
258 3713 387 3751 omissum
410 3701 514 3772 recepit
535 3702 623 3755 Orel.
646 3702 776 3756 aLamb.
793 3734 825 3746 -
859 3721 912 3754 aon
928 3705 1052 3757 saturum.
1083 3703 1126 3756 Re

68 3784 133 3820 vers
150 3761 290 3836 impedivit
304 3763 451 3818 tribunicio
466 3765 651 3820 intercedendi
667 3767 744 3819 iure·
761 3769 837 3821 nulla
854 3769 907 3822 hoo
923 3785 995 3822 anno
1012 3779 1041 3822 et
1059 3766 1127 3823 duo·

68 3834 121 3887 bus
140 3830 320 3909 sequentibus
343 3830 451 3883 comitia
474 3831 580 3896 habita,
612 3831 659 3886 sed
682 3849 714 3885 ex
735 3844 840 3888 interes
859 3851 895 3888 no
920 3835 1048 3888 consules
1110 3852 1128 3887 r

66 3897 213 3954 triennium
231 3906 315 3950 creati
331 3906 402 3950 sunt.
436 3896 477 3949 Cf.
493 3898 545 3950 Dio
558 3900 635 3952 Cass.
651 3899 698 3970 39,
714 3915 745 3965 n7
760 3917 821 3973 sqq.
836 3853 954 3972 lppian.
970 3917 1001 3965 a,
1015 3902 1040 3955 3.
1090 3900 1126 3956 iv.

68 3964 133 4019 eit.
152 3965 168 4014 l.
188 3964 241 4017 105.
258 3995 289 4007 -
330 3974 414 4013 essent
437 3965 538 4017 exemti.
573 3982 599 4021 v,
618 3981 702 4033 supra
725 3972 748 4034 ς.
763 3970 788 4033 q.
810 4000 843 4010 -
876 3969 977 4036 Appius
994 3964 1128 4020 claudius

96 4031 210 4096 umber,
231 4031 261 4083 P.
280 4027 369 4082 Clodii
386 4028 482 4081 frater.
516 4031 551 4082 V.
572 4029 828 4099 adntt.3,17‚1.
854 4035 981 4102 l‚u‚d;
1008 4035 1126 4101 M·-

68 4097 187 4149 rsde'eru't
211 4095 325 4147 Romam
348 4110 365 4148 c
389 4094 494 4161 Gallia,
521 4111 579 4166 quo
599 4096 752 4168 profectus
765 4109 839 4167 erat,
863 4108 894 4154 ut
915 4103 1019 4156 Caesar
1049 4112 1127 4152 suam
