2768 4866
457 240 519 303 LlB.
540 238 561 300 1.
602 236 652 300 ΕΡ.
674 237 715 300 lll.
1068 234 1121 308 49
1146 262 1152 279 ··

56 442 152 492 nere.
205 421 287 492 Scio
317 420 425 487 luisse
453 422 489 485 et
515 417 692 484 honestius
719 417 882 487 moriendi
915 425 1048 508 tempus
1087 426 1123 491 et
1165 416 1200 487 6.

59 533 198 616 utiliusz
228 529 292 596 sed
319 546 388 593 non
404 525 481 592 'hoc
509 522 634 609 solnm,
665 523 769 589 multa
796 524 864 591 alia
890 529 1121 619 praetermisi,

59 658 146 727 quae
166 638 198 704 si
217 636 312 723 queri
329 632 431 701 velim
446 630 649 718 praeterita,
670 629 754 695 nihil
769 648 892 720 agam,
913 633 980 701 nisi
998 639 1036 701 ut
1056 653 1120 703 au·

58 762 161 831 geom
181 741 332 808 dolorem
352 742 466 825 tuum,
496 735 641 803 indicem
661 736 840 804 stultitiam
867 756 982 806 meam.
1033 741 1123 811 Illud

57 849 192 938 quidem
212 866 278 914 nec
298 842 487 912 laciendum
508 849 647 910 estnec
669 842 742 908 lieri
761 848 894 931 petest,
915 863 969 911 me
988 844 1123 935 diutius,

57 973 157 1042 quam
185 959 243 1020 aut
270 961 359 1021 tuum
387 957 518 1038 tempus
545 955 604 1018 aut
624 951 718 1015 firma
745 968 827 1037 spes
856 951 1061 1040 postulabit,
1089 953 1124 1021 in

57 1064 129 1127 tam
145 1060 270 1125 misera
291 1062 423 1144 tamque
443 1057 534 1143 turpi
553 1056 627 1122 vita
641 1056 857 1123 commoraris
881 1063 935 1144 ut,
953 1059 1010 1145 qui
1026 1057 1123 1126 modo

57 1165 166 1232 fratre
192 1158 327 1249 fuerim,
358 1161 494 1251 liberis,
525 1162 691 1251 coniuge,
726 1163 856 1248 copiis,
889 1180 1022 1251 genere
1048 1165 1123 1253 ipso

58 1269 227 1356 pecuniae
238 1267 471 1353 beatissimus,
493 1265 680 1357 dignitate,
702 1269 922 1358 auctoritate,
944 1270 1124 1339 existima-

59 1377 170 1465 tione,
197 1376 313 1464 gratia
332 1391 401 1440 non
421 1372 582 1461 inferior,
611 1392 709 1459 quam
735 1375 791 1461 qui
818 1392 963 1461 unquam
989 1376 1126 1444 luerunt

59 1482 275 1570 amplissimi,
296 1482 327 1546 is
348 1498 437 1547 nunc
457 1479 493 1545 iu
512 1477 577 1544 hae
599 1483 670 1546 tem
690 1478 817 1548 afllicta
837 1480 1036 1571 perditaque
1050 1483 1123 1553 for·

60 1594 141 1655 tuna
173 1604 282 1674 neque
312 1603 365 1651 me
399 1601 509 1670 neque
543 1601 636 1651 meos
670 1584 793 1674 lugere
827 1585 953 1653 diutius
987 1590 1124 1675 possim.

60 1695 173 1776 Quare
202 1691 282 1778 quid
308 1690 353 1756 ad
379 1708 432 1757 me
462 1689 630 1777 scripsisti
659 1690 702 1761 de
722 1684 999 1778 permutatione?
1032 1698 1127 1783 quasi
1167 1689 1201 1756 7.

60 1819 144 1869 vero
174 1817 262 1866 nunc
288 1817 341 1867 me
371 1817 437 1863 non
460 1801 539 1864 tuae
560 1797 740 1864 facultates
760 1801 971 1890 sustineant,
1000 1821 1066 1889 qua
1091 1804 1128 1871 in

58 1928 97 1974 re
119 1908 196 1993 ipsa
216 1904 317 1972 video
338 1905 497 1971 miseret
518 1904 646 1991 sentio,
668 1901 746 1990 quid
764 1904 906 1971 sceleris
923 1903 1126 1999 admiserim,

60 2034 158 2101 quum
185 2012 229 2079 de
254 2012 443 2078 visceribus
471 2012 538 2077 tuis
567 2014 604 2077 et
630 2009 689 2076 tilii
716 2012 764 2076 tui
794 2011 1033 2080 satisfacturus
1060 2016 1129 2105 sis,

60 2120 190 2206 quibus*
203 2117 328 2185 debes:
351 2134 439 2206 ego,
462 2122 637 2204 acceptam
659 2137 704 2185 ex
725 2119 856 2186 aerario
872 2122 1049 2206 pecuniam
1070 2127 1127 2191 tuo

59 2226 211 2313 nomine,
232 2225 361 2290 frustra
383 2224 584 2310 dissipariru.
626 2222 700 2291 sed
722 2228 834 2291 tamen
851 2225 1129 2303 sumomonte,

59 2335 217 2420 quantum
237 2337 274 2397 tn
295 2332 505 2418 scripseras,
530 2327 608 2419 [et]
632 2328 797 2416 Caepioni
811 2332 1017 2424 tantumdem
1030 2336 1128 2403 solu-

56 2447 127 2507 tum
148 2442 222 2505 est:
256 2437 335 2504 milri
357 2436 474 2526 adid,
502 2437 589 2524 quod
611 2439 747 2526 cogito,
778 2436 861 2527 hoc,
891 2439 979 2525 quod
1000 2442 1129 2528 habeo,

122 2640 145 2708 ξ.
161 2640 186 2694 6.
221 2643 280 2699 hon.
299 2657 365 2692 tuor.
382 2652 491 2721 temrpus.
518 2641 561 2695 Cf.
577 2639 611 2694 ad
627 2640 728 2706 dett,
744 2658 820 2709 7,a;
844 2661 876 2714 9,
894 2658 924 2709 23
951 2638 985 2693 ad
1004 2640 1056 2695 div.
1078 2643 1123 2707 15,

60 2711 93 2774 4,
109 2709 134 2763 5.
150 2740 180 2751 -
216 2719 291 2758 tuum
308 2719 409 2775 tempos
432 2727 447 2759 1.
463 2722 487 2760 e.
504 2716 582 2760 tuum
603 2707 767 2778 periculum.
801 2707 842 2761 cf.
861 2724 915 2778 pro
931 2707 985 2779 leg.
1001 2709 1075 2761 Man.
1094 2727 1123 2775 13

59 2791 113 2854 pro
131 2773 224 2826 Plane.
242 2773 283 2826 da.
298 2804 331 2814 -
362 2774 447 2840 firma
463 2790 520 2840 spes
542 2771 647 2827 reditus
667 2778 774 2825 mei-
815 2790 912 2840 genere
926 2777 983 2842 apso
997 2775 1122 2842 pecunias

58 2861 76 2894 r.
94 2857 117 2893 e.
136 2847 166 2892 ut
182 2838 249 2893 Ern.
269 2834 361 2892 verbis
380 2846 507 2903 utamur,
539 2836 614 2909 qu'od
635 2838 729 2908 copias
748 2853 811 2892 sues
836 2855 891 2891 non
915 2837 992 2891 malis
1015 2839 1122 2893 artibus

59 2914 249 2975 compararat,
267 2903 317 2956 sed
333 2903 498 2975 parsimonia
515 2914 543 2956 ct
560 2901 774 2970 hereditatibus,
796 2921 869 2975 quse
888 2904 913 2956 ei
929 2920 944 2956 a
960 2904 1024 2959 viris
1040 2905 1120 2959 bonis
1165 2965 1171 2974 p

56 2980 190 3025 venerant
204 2967 412 3023 benevolentiae
428 2984 510 3021 cauea
526 2981 554 3024 et
569 2968 687 3024 honoris.
722 2970 863 3024 Manutius
877 2971 1005 3025 coniecit:
1020 2989 1119 3040 genero

54 3061 63 3091 ι
82 3056 130 3099 so,
144 3039 274 3117 pecunia,
293 3045 323 3088 ut
339 3035 370 3088 G.
384 3034 511 3089 Pisonem
528 3052 659 3106 generum
677 3054 757 3089 suum
773 3037 919 3106 significem
943 3053 1015 3108 quae
1030 3054 1119 3091 emen-

58 3058 132 3160 fatie
146 3100 208 3156 ideo
224 3102 313 3156 minus
330 3099 489 3179 probanda,
514 3100 590 3172 quod
605 3100 834 3180 commemorandi
847 3106 942 3169 generi
955 3113 1018 3156 anta
1037 3122 1062 3157 v.
1079 3121 1119 3180 eo·

51 3170 201 3306 pr'i'itglssgrlm
216 3169 328 3235 fuissct;
345 3183 395 3220 uec
409 3184 497 3221 munus
513 3177 571 3222 tum
587 3171 698 3237 pecnnia
713 3168 836 3240 frigeret,
854 3184 926 3240 quae
943 3167 970 3222 in
985 3169 1067 3238 coprit-
1082 3187 1119 3221 m-

53 3249 80 3292 te
105 3256 112 3289 r
189 3276 196 3288 .

121 3325 146 3390 i,
169 3342 195 3392 7.
234 3326 265 3376 de
280 3327 474 3393 permutatione
489 3324 507 3378 i.
520 3339 542 3375 e.
560 3324 676 3394 pecnnia
694 3323 897 3404 permutatione
917 3342 938 3380 s.
958 3342 971 3376 s
991 3324 1117 3396 ngropha

54 3401 161 3457 sumta,
177 3409 204 3442 v.
218 3389 252 3441 ad
266 3389 320 3443 div.
336 3392 361 3454 3,
377 3401 401 3449 5.
416 3387 451 3442 sd
463 3391 564 3454 Aaou,
581 3392 619 3443 13:
634 3390 661 3441 in
675 3391 728 3444 Prs.
743 3407 784 3444 m.
818 3389 937 3462 Quintus
982 3406 1048 3442 arco
1063 3391 1117 3444 lira·

53 3459 93 3514 tri
114 3454 253 3526 scripsisse
274 3455 398 3524 videtur,
423 3472 469 3524 se,
494 3472 580 3527 quum
600 3454 635 3506 ad
655 3456 755 3509 urbem
775 3456 949 3527 pervenerit,
972 3455 1116 3527 pecuniam

54 3527 107 3578 hac
123 3523 164 3575 vie
183 3519 207 3573 ei
222 3531 385 3574 curaturum
400 3551 431 3562 -
473 3523 536 3591 qnid
547 3522 653 3573 sceleris
670 3523 836 3583 admiserim,
862 3519 940 3593 quod
956 3539 1011 3574 non
1027 3520 1116 3576 Clodii

53 3592 167 3644 furores
188 3586 213 3641 ri
230 3586 390 3657 repulisset,
414 3587 494 3640 etiam
510 3604 574 3639 cum
589 3586 684 3640 mortis
697 3588 836 3660 periculo,
852 3585 901 3641 sed
916 3598 1015 3666 sponte
1029 3587 1115 3642 unns

56 3655 191 3709 cessisset.
206 3685 242 3697 -
281 3654 422 3704 asserribus
440 3654 557 3725 figurate
571 3670 641 3723 pro:
658 3671 690 3707 re
705 3653 846 3718 familiari,
864 3670 897 3705 co
919 3652 962 3721 irs,
979 3653 1114 3709 facultati·

55 3723 124 3786 bus,
141 3718 234 3772 bonis:
263 3717 305 3774 Cf.
323 3733 376 3786 pro
395 3714 467 3770 dom.
480 3720 521 3783 47.
546 3721 679 3771 eustrocr't
694 3721 785 3772 villum
799 3671 941 3773 morardus
954 3723 1064 3776 aerarii.
1081 3751 1112 3762 -

55 3798 155 3855 accept,
168 3804 200 3838 aa
218 3803 274 3838 aar,
290 3802 362 3853 pen,
389 3797 461 3862 quac
480 3782 530 3836 tibi
547 3785 626 3837 Asine
642 3785 765 3855 praetori
782 3784 892 3838 decreta
909 3797 985 3853 erut;
1008 3797 1112 3841 certam

57 3853 128 3906 enim
158 3851 301 3922 pecuniam
325 3865 531 3920 provinciarum
556 3851 713 3904 rectoribus
738 3852 864 3920 respubl.
885 3854 1056 3907 numerabat.
1080 3887 1113 3896 -
1176 3863 1177 3867 ’

46 3919 161 3986 frastra
178 3919 266 3986 dissip.
285 3913 320 3968 ad
339 3914 418 3970 vitem
438 3913 660 3981 sustentandam,
683 3916 711 3967 in
727 3933 784 3988 qua
799 3919 963 3971 commorari
979 3917 1052 3972 haud
1069 3938 1113 3971 nc·

54 3983 203 4038 cessarium
218 3981 331 4036 censuit.
344 4012 377 4022 -
402 3978 467 4057 [et]
476 3982 604 4048 Caepioni.
621 3981 730 4035 Primus
744 3983 857 4049 Lemb.,
873 3995 903 4037 ut
917 3996 1008 4039 monet
1024 3984 1113 4038 Benti-

56 4051 144 4124 vogl.‚
160 4059 261 4104 etanta
277 4069 301 4103 v.
313 4051 437 4118 Caepioni
450 4050 558 4119 posuit;
575 4063 591 4100 e
604 4045 683 4103 libris
696 4048 782 4104 obest.
800 4084 829 4095 -
859 4051 896 4106 M.
910 4055 1036 4113 Antonio,
1054 4054 1113 4102 Coo-

845 4144 874 4210 4
