2768 4866
195 221 248 292 64
335 229 372 288 nl.
393 227 423 287 Τ.
445 226 628 290 CICERONIS
648 228 800 291 ntlstot.
822 228 871 292 AB
893 230 925 302 Q.
945 231 1117 295 FRATREM

194 421 272 490 res,
291 404 403 471 multis
425 404 572 491 querelis
594 404 636 472 de
656 423 695 472 re
715 406 850 493 publiea
869 410 1154 499 interponendis,
1178 414 1274 482 nulla

195 514 370 577 transacta
391 515 455 576 est.
504 508 544 578 C.
565 510 651 579 Cato
669 512 784 599 legem
805 514 1036 604 promulgavit
1057 515 1102 582 de
1123 504 1272 603 imperio

117 610 151 679 2.
192 615 338 682 Lentulo
365 616 574 705 abrogando.
631 618 799 687 Vestitum
827 618 915 685 filius
946 621 1099 687 mutavit
1156 624 1204 688 A.
1235 624 1269 688 d.

193 721 290 788 VIII.
312 721 362 788 ld.
384 722 485 790 Febr.
507 724 588 790 Milo
611 726 714 792 affuit.
758 725 853 790 Dixit
873 723 1076 813 Pompeius,
1097 726 1181 795 sive
1203 749 1268 794 vo-

185 828 265 894 luit.
313 829 420 920 Nom,
449 834 486 897 ut
514 832 686 920 surrexit,
719 849 842 917 operae
868 828 1054 897 clodianae
1082 830 1269 900 clamorem

193 935 420 1002 sustuleruut=
452 936 552 1022 idque
577 937 610 1004 ei
633 940 798 1024 perpetua
820 937 970 1004 oratIoue
992 939 1163 1027 contigit,
1199 960 1266 1007 nou

192 1041 290 1109 modo
319 1045 355 1108 ut
384 1042 642 1132 acclamatione,
675 1042 737 1110 sed
766 1047 803 1108 ut
831 1045 983 1111 convicio
1013 1048 1048 1110 et
1068 1044 1264 1113 maledictis

192 1147 419 1234 impediantur.
463 1146 527 1232 Qui
547 1153 585 1214 ut
605 1148 797 1236 peroravit:
819 1184 860 1209 -.-
881 1166 958 1214 nam
978 1149 1011 1214 in
1027 1167 1068 1215 eo
1082 1167 1174 1216 sane
1190 1149 1263 1217 ior·

193 1255 238 1320 tis
259 1255 341 1319 fuit:
373 1260 517 1321 nonest
538 1255 740 1324 deterritus:
771 1251 855 1318 dixit
877 1252 1002 1340 omnia,
1021 1247 1129 1337 'atque
1149 1254 1261 1324 inter-

193 1358 271 1426 dum
292 1361 393 1428 etiam
414 1363 567 1452 silentio,
589 1383 662 1431 oum
682 1359 882 1430 auctoritate
903 1376 1054 1445 sempera
1074 1393 1120 1408 -
1140 1360 1208 1427 sed
1229 1367 1262 1428 ut

192 1466 382 1557 peroravit,
409 1470 557 1535 surrexit
584 1467 734 1536 Clodius.
781 1466 826 1534 Eli
853 1469 969 1532 tantus
997 1453 1130 1533 clamor
1153 1486 1178 1534 a
1199 1487 1260 1536 uo·

192 1574 295 1662 stris,
316 1586 358 1622 -·-
377 1575 552 1661 planuerat
580 1576 668 1642 enim
694 1573 822 1641 reterre
850 1573 998 1660 gratiam
1020 1609 1059 1621 -
1085 1580 1124 1640 ut
1151 1593 1260 1662 neque

192 1684 304 1747 mente
324 1699 433 1767 neque
450 1680 568 1768 lingua
583 1699 692 1768 neque
709 1698 768 1747 ore
783 1680 996 1747 consisteret.
1037 1679 1092 1744 Ila
1107 1701 1169 1748 res
1186 1688 1259 1749 anta

192 1792 266 1875 est,
288 1807 387 1873 quum
407 1789 452 1854 Η.
473 1788 533 1854 Vl.
555 1789 616 1855 vix
635 1788 816 1873 Pompeius
836 1788 1052 1874 perorasset,
1081 1806 1197 1874 usque
1218 1789 1256 1855 ad

190 1894 234 1960 H.
258 1893 374 1979 VHL,
403 1912 501 1981 quum
523 1896 633 1961 omnia
653 1893 854 1980 maledicta,
883 1910 1004 1959 versus
1026 1891 1175 1980 denique
1199 1896 1257 1961 ob·

191 1999 403 2065 sooenISSImi
422 2000 458 2064 in
478 1996 632 2065 clodium
653 2003 688 2065 et
705 1997 858 2065 Clodiam
874 1998 1076 2066 ditarentur.
1119 2000 1189 2068 Ille
1204 2002 1255 2067 fu·

189 2123 272 2171 rens
300 2109 336 2170 et
363 2105 551 2191 exsanguis
577 2106 811 2192 interrogabat
834 2124 915 2170 suos
936 2106 971 2170 in
992 2105 1144 2173 elamore
1164 2108 1257 2195 ipso,

192 2191 275 2294 Quis
296 2215 409 2299 esset,
431 2213 487 2299 qui
507 2212 638 2299 plebem
659 2212 748 2278 fame
771 2201 941 2278 necaret?
989 2211 1256 2299 Respondebam

187 2335 333 2404 operae,
361 2317 552 2404 Pompeius.
608 2319 691 2402 Quis
721 2317 972 2387 Alexandream
1003 2319 1053 2383 ire
1086 2313 1254 2407 cuperet?

190 2422 477 2512 Respondebant,
491 2425 683 2512 Pompeius.
720 2424 825 2510 Quem
839 2427 889 2492 ire
902 2415 1058 2491 vellent?
1078 2427 1254 2516 ¹Respon-

188 2633 245 2690 bat.
261 2667 294 2680 -
329 2639 358 2689 de
373 2655 402 2689 re
414 2637 540 2706 publica,
563 2634 699 2690 derebus
716 2635 837 2690 urbanis.
854 2665 885 2676 -·
919 2638 945 2691 C.
963 2638 1047 2697 cato,
1064 2637 1200 2694 tribunus
1215 2638 1250 2710 pl.

190 2700 254 2758 Vid.
276 2719 363 2774 supra
383 2727 412 2771 ι,
428 2721 456 2768 a,
478 2706 515 2758 15.
547 2705 719 2757 Praenomen
742 2702 770 2756 in
792 2701 851 2756 aliis
871 2701 1009 2756 omissum.
1025 2733 1058 2746 -
1095 2705 1182 2773 legem
1200 2722 1254 2775 pro·

189 2769 272 2837 mulg.
290 2770 308 2824 i.
323 2785 346 2821 e.
360 2770 523 2839 proposuit,
540 2778 571 2822 ut
585 2767 683 2821 deinde
695 2769 722 2822 le
741 2785 783 2822 em
798 2768 894 2822 ferret.
907 2799 938 2809 -
956 2769 986 2819 de
999 2769 1061 2837 einp.
1074 2770 1155 2825 Lent.
1169 2773 1257 2839 udrog.

188 2833 265 2905 quod
280 2845 373 2889 tamen
387 2834 551 2908 impediente
567 2834 686 2888 Lentulo
735 2834 865 2889 arcellino
879 2834 993 2888 consule
1008 2834 1114 2888 iactum
1132 2855 1193 2891 non
1211 2847 1257 2893 eet.

189 2931 222 2941 -
235 2901 331 2968 filius,
359 2903 389 2953 P.
408 2903 542 2955 Lentulus
560 2901 708 2974 Spinther,
735 2901 873 2955 aManlio
890 2902 1037 2973 Torquato
1059 2899 1214 2974 adoptatus
1234 2913 1258 2957 et

189 2980 278 3038 augur
295 2967 394 3020 factus.
430 2968 472 3021 cf.
489 2966 523 3020 ad
536 2967 589 3036 div.
605 2987 638 3036 7,
654 2967 701 3037 26,
718 2985 744 3026 a,
767 2966 823 3022 Cic.
840 2984 894 3038 pro
911 2967 985 3025 Sext.
999 2968 1039 3040 69.

255 3080 283 3142 s.
302 3066 334 3127 a.
374 3075 427 3124 sabe
445 3074 531 3124 voluit
552 3074 578 3129 b.
595 3091 632 3141 e.,
656 3074 809 3146 interprete
827 3073 955 3140 Subita,
979 3090 1035 3125 non
1052 3077 1148 3144 potuit
1165 3080 1206 3133 ita
1225 3079 1258 3132 di·

127 3175 130 3183 ·
188 3154 271 3204 oure,
296 3148 328 3192 ut
340 3149 514 3209 exspectaret
531 3156 560 3191 se
577 3138 733 3208 dicturum,
756 3149 788 3192 ut
804 3149 907 3194 attente
922 3149 950 3193 et
965 3139 1023 3191 sine
1041 3143 1257 3210 perturbatione

187 3205 341 3261 audiretur.
362 3237 396 3251 -
427 3217 555 3274 perpetua
574 3219 643 3257 orat.
677 3206 714 3260 V.
734 3205 768 3260 de
784 3205 873 3277 signif.
894 3225 918 3265 v.
935 3218 1079 3273 perpetuus
1104 3219 1204 3264 notam
1225 3210 1256 3263 ad

188 3273 223 3349 Q.
240 3271 297 3327 Cio.
312 3270 346 3325 de
364 3282 420 3343 pet.
435 3271 550 3325 Consul.
564 3290 593 3342 p.
607 3273 648 3326 bo.
664 3301 695 3312 -
730 3273 929 3327 acclamatione.
951 3274 986 3325 V.
999 3286 1084 3340 supra
1099 3272 1136 3326 ad
1154 3293 1181 3343 a,
1199 3298 1221 3344 a,
1235 3293 1256 3329 a

187 3369 221 3381 -
246 3357 305 3390 oona
327 3339 490 3392 auctoritate
508 3356 618 3406 semper.
652 3339 694 3391 lta
711 3337 914 3403 subditotum,
936 3336 1102 3390 Lambinum
1133 3353 1255 3396 secutus.

187 3403 300 3464 Sohiitn.
316 3421 348 3458 ex
361 3401 552 3458 emendatione
567 3405 676 3458 Danesii
690 3415 717 3471 et
731 3403 863 3458 Munatii:
881 3421 939 3456 oum
952 3415 1022 3456 aaut.
1038 3421 1141 3472 semper
1155 3419 1257 3475 egerat.

188 3470 272 3543 ang.
288 3489 346 3524 oum
363 3471 526 3522 auctoritate
535 3483 686 3538 peregerat.
702 3501 737 3512 -
769 3469 876 3520 clodius
891 3467 999 3533 aedilis,
1017 3468 1132 3524 Milonis
1147 3488 1257 3526 accusa·

187 3544 240 3589 tor.
260 3568 293 3579 -
327 3539 360 3588 tn·
380 3550 399 3590 t.
414 3537 446 3590 ol.
464 3553 480 3586 a
494 3538 594 3588 nostris
617 3554 654 3589 se.
669 3534 794 3590 edituos.
812 3533 938 3588 sublatus
955 3544 1004 3591 est.
1016 3566 1050 3579 -
1083 3548 1116 3586 ut
1200 3557 1256 3591 con

187 3603 293 3653 subteneo
310 3601 325 3655 i.
341 3618 364 3655 e.
380 3613 411 3655 ut
422 3614 520 3672 ’neque
534 3601 631 3655 mentis
647 3618 738 3672 neque
752 3599 862 3669 linguae
879 3617 990 3671 compos
1008 3610 1097 3668 esset,
1118 3603 1256 3656 colorem·

188 3682 244 3737 quo
259 3683 304 3720 sae
326 3668 368 3722 ius
382 3669 592 3722 immutaret-
625 3668 739 3737 denique.
766 3667 812 3720 Sic
828 3666 916 3720 Orell.
930 3684 993 3718 oum
1007 3664 1086 3718 codd.
1105 3685 1161 3738 pro
1181 3670 1255 3741 vulg.

188 3734 275 3785 etium.
338 3733 448 3788 ‚adli
476 3751 519 3806 ep.
538 3756 561 3799 a,
578 3755 599 3786 t.
617 3765 650 3773 —
684 3733 812 3794 Clodium,
829 3748 955 3786 sororem
969 3732 999 3785 P.
1014 3730 1117 3798 Clodii,
1136 3745 1255 3806 nuptant

188 3797 222 3873 Q.
239 3799 354 3851 Metello
371 3800 471 3854 Celeri.
504 3820 528 3855 v.
542 3816 595 3870 pro
610 3799 686 3853 Cool.
705 3801 753 3865 nd,
769 3797 804 3851 ad
823 3801 880 3853 Att.
892 3816 922 3865 a,
936 3817 952 3866 p
966 3798 1023 3852 init.
1042 3800 1124 3861 ι,35.
1142 3833 1178 3843 -
1213 3819 1255 3852 en·

187 3865 310 3931 suingeis,
331 3864 492 3935 vepallidus.
507 3898 539 3910 -
573 3870 600 3916 in
615 3866 647 3921 el.
663 3868 719 3933 apto
734 3863 957 3919 MilonIanorum.
975 3896 1009 3928 ,-
1033 3862 1112 3930 samo
1130 3878 1256 3927 necaret,

187 3929 267 4001 quasi
285 3931 448 4000 Pompeius,
471 3933 513 3985 rei
528 3930 725 3985 frumentariae
740 3931 918 4050 praefectus,
942 3931 1114 3982 frumentum
1136 3932 1256 4004 compri-

186 4005 284 4115 merent.
301 4026 332 4036 -
376 3997 570 4050 Alexandream
593 3999 692 4070 (Vulg.
714 3999 917 4065 Aeneadarum)
941 3999 979 4046 ire
1006 3995 1158 4051 Ptolemaei
1178 3998 1258 4053 resti-

186 4072 253 4117 tuen
274 4064 281 4076 '
300 4077 392 4115 eausa.
