2768 4866
535 273 597 336 ΗΒ.
618 272 650 336 ll.
690 273 742 335 ΕΡ.
762 272 819 335 llll.
1161 267 1208 339 91

143 477 242 547 quam
263 457 393 545 reliqua
411 455 593 525 discutere.
636 453 709 524 seo
729 475 796 523 uon
817 455 961 546 faciam,
981 459 1019 523 ut
1037 457 1131 524 illum
1151 455 1208 523 oi·

143 566 299 656 tendam,
333 583 378 632 nc
408 563 563 651 imploret
591 560 691 628 iidem
719 559 813 627 lovis
843 561 1052 652 Hospitalis,
1087 561 1208 630 Graios

145 689 262 739 omnes
291 673 473 756 convocet,
504 687 568 754 per
596 686 681 753 quos
707 684 836 735 mecum
863 667 899 734 iu
925 670 1072 757 gratiam
1098 669 1209 737 rediit.

145 778 364 865 Theopompo
385 774 644 843 satisfaciemus.
685 773 739 840 De
760 772 910 841 Caesare
930 773 1069 862 fugerat
1089 793 1141 844 me
1161 774 1208 843 ad
1248 753 1286 822 4·

143 889 180 951 te
201 884 361 950 scribere.
414 881 521 949 Video
550 883 655 973 enim,
684 897 769 966 quas
790 882 826 945 tu
847 879 964 946 literas
986 882 1208 967 exspectaris.

145 989 219 1060 Sed
246 989 305 1057 ille
331 987 467 1075 scripsit
487 986 532 1053 ad
552 987 695 1053 Balbum
715 984 911 1052 fasciculum
931 985 1023 1053 illum
1043 986 1209 1073 epistola-

143 1117 240 1183 rum,
271 1095 307 1160 in
328 1113 392 1181 quio
413 1093 525 1159 iuerat
547 1096 582 1159 et
602 1110 679 1158 mea
699 1097 735 1159 et
756 1093 876 1180 Balbi,
906 1096 1010 1160 totum
1030 1095 1095 1162 sibi
1122 1113 1210 1182 aqua

143 1201 312 1269 madidum
325 1199 491 1269 redditum
504 1217 607 1266 essct
628 1204 667 1265 ut
679 1198 818 1265 neillud
833 1199 965 1278 cuidem
979 1202 1086 1289 sciat,
1101 1219 1209 1268 meam
1315 1213 1318 1219 '

140 1308 251 1375 luisse
271 1307 416 1395 aliquam
434 1305 623 1396 epistolam.
664 1302 737 1373 Sed
758 1324 803 1373 ex
815 1305 916 1372 Balbi
934 1306 1080 1393 epistola
1100 1326 1210 1397 pauca

142 1415 250 1484 verba
269 1413 508 1501 intellexerat,
529 1409 575 1478 ad
594 1425 683 1499 quate
702 1412 880 1498 rescripsit
900 1412 953 1478 his
973 1414 1110 1480 verbis:
1131 1414 1209 1483 nlla

141 1517 308 1591 Cicerone
328 1523 363 1585 te
384 1517 484 1585 video
506 1515 662 1603 quiddam
692 1519 894 1607 scripsisse,
926 1520 1013 1606 quod
1043 1539 1110 1612 ego
1140 1542 1209 1590 non

140 1626 317 1695 intellexit
345 1626 503 1710 quantum
529 1625 641 1692 autem
669 1624 862 1703 coniectura
890 1626 1141 1719 consequebar,
1173 1627 1210 1696 id

142 1737 218 1800 erat
246 1729 428 1819 eiusmodi,
461 1733 499 1796 ut
525 1729 638 1817 magis
669 1728 851 1816 optandum
879 1750 976 1821 quam
1005 1733 1209 1819 sperandum

140 1842 331 1926 putarem«
373 1836 494 1924 ltaque
513 1838 636 1922 postea
653 1835 729 1902 misi
744 1834 789 1903 ad
801 1834 985 1904 Caesarem
1007 1837 1126 1905 eodem
1147 1838 1206 1905 illo
1246 1815 1281 1884 5·

141 1944 295 2031 exemplo
317 1944 445 2011 literas.
494 1942 607 2010 locum
636 1945 747 2011 autem
773 1942 863 2008 illius
893 1942 935 2011 de
963 1963 1026 2011 sua
1047 1948 1208 2033 egestate

139 2071 184 2121 ne
204 2052 254 2119 sis
268 2055 489 2138 aspernatus.
537 2047 595 2115 Ad
615 2065 713 2135 quem
733 2066 803 2137 ego
825 2051 986 2138 rescripsi
1006 2051 1089 2117 nibil
1110 2070 1207 2139 osse,

138 2155 227 2243 quod
247 2155 390 2243 posthac
412 2171 514 2224 arcae
532 2157 669 2224 nostrae
686 2153 808 2222 fiducia
824 2154 1055 2223 conturbaret:
1076 2155 1208 2243 lusique

142 2263 178 2327 in
199 2279 239 2326 eo
260 2277 392 2346 genere
419 2266 454 2327 et
473 2260 683 2333 familiariter
709 2265 745 2330 et
773 2278 847 2327 oum
874 2261 1051 2350 dignitate.
1101 2264 1208 2329 Amor

142 2368 255 2434 autem
282 2365 355 2433 eins
380 2383 469 2454 erga
494 2386 558 2435 nos
579 2366 749 2458 perfertur
773 2369 913 2436 omnium
932 2368 1059 2436 nuntiis
1080 2370 1206 2457 singu·

140 2551 243 2624 reliqua
257 2553 387 2606 dae'sootere
401 2551 548 2625 petitiones
570 2552 744 2625 reliquorum
759 2549 856 2606 eodem
875 2549 957 2605 modo
977 2551 1068 2604 irritae
1087 2549 1207 2605 reddere

141 2619 185 2675 Os.
202 2617 237 2672 ad
254 2617 316 2688 §om
330 2651 363 2662 --
395 2618 563 2689 mensurium
578 2645 611 2656 -
628 2636 684 2673 non
703 2618 880 2672 committam.
896 2650 931 2663 -
962 2619 1031 2672 louis
1049 2616 1207 2686 Hospitalis,

139 2685 201 2751 Διὸς
226 2689 318 2752 ξενίου,
342 2684 392 2757 qui
413 2685 526 2740 iniuriae
539 2684 693 2757 hospitibus
706 2685 793 2740 iacta·
808 2683 949 2754 ulciscitur
964 2694 993 2738 et
1007 2683 1033 2739 b.
1042 2682 1062 2737 l.
1076 2693 1207 2756 respectu

139 2751 230 2823 reguli
243 2751 317 2804 illiue
331 2751 471 2823 peregrini
484 2753 650 2829 nominatur.
664 2783 698 2797 -
721 2763 854 2811 convocet,
864 2749 892 2802 in
905 2767 949 2804 me
966 2748 1083 2822 instiget.
1099 2780 1133 2794 -·
1159 2765 1207 2819 par

140 2835 206 2889 quor
222 2826 274 2871 atc.
291 2833 354 2883 rea,
371 2817 599 2888 quam-respicit,
615 2834 733 2889 prorsus
748 2818 906 2889 ignotoeat.

209 2905 236 2967 s.
251 2900 277 2966 4.
314 2898 492 2967 Theopompo,
512 2897 632 2953 iomaaae
646 2894 749 2965 eidam,
766 2896 844 2950 cuius
860 2895 961 2950 mentio
974 2897 1048 2951 facta
1062 2905 1106 2951 eat
1119 2915 1153 2954 au
1174 2911 1207 2950 ra

140 2963 161 3019 l.
177 2982 200 3017 ι.
216 2980 260 3037 ep.
277 2981 302 3018 a.
315 2960 338 3032 b.
350 2980 385 3033 9,
412 2963 461 3042 qpi
484 2973 516 3018 nt
533 2964 606 3018 inter
627 2964 733 3044 legatos
748 2961 875 3044 Quereris
891 2971 964 3017 aeret
980 2962 1008 3016 in
1025 2963 1128 3032 Gallia,
1179 2981 1208 3045 r·

139 3029 879 3150 terrenarum‘'attactibu-
901 3028 1208 3149 tetricano
1250 3069 1254 3073 ¹

141 3113 204 3223 iiii
221 3173 317 3234 posset
337 3136 492 3217 ostendero.
511 3151 543 3205 -ὲ
565 3115 1023 3240 qaottom'Luciump'cbruptium‚
1049 3114 1208 3234 gratiosissi-

141 3245 216 3308 mum
231 3227 306 3300 opud
320 3229 482 3307 eracemum,
499 3246 553 3300 pro
571 3245 628 3301 quo
647 3238 689 3282 eat
702 3227 843 3283 Ciceronis
860 3238 958 3283 oratio.
993 3228 1029 3282 V.
1050 3226 1086 3281 ad
1097 3231 1156 3283 att.
1175 3243 1207 3307 u,

142 3295 175 3361 ὀ,
188 3292 249 3348 3.8
276 3313 301 3367 9,
321 3294 355 3347 ad
369 3294 425 3348 dre.
441 3313 472 3366 7,
487 3313 511 3364 7.
527 3328 560 3342 -
594 3295 773 3356 intellexerat,
788 3294 885 3368 legera
903 3303 1042 3365 potuerat.
1058 3327 1090 3341 -
1121 3293 1154 3345 de
1167 3293 1208 3345 Cr·

143 3375 237 3411 corone
254 3333 366 3435 buinio,
382 3358 431 3416 aad
446 3362 557 3415 Morcus
574 3375 688 3435 quoque
704 3359 819 3434 intelligi
835 3369 935 3432 potest.
962 3362 999 3417 V.
1016 3357 1132 3414 Abellam
1145 3359 1166 3412 l.
1181 3375 1204 3415 a.

142 3442 172 3504 p,
193 3423 247 3506 ¹.⁶¹·
264 3456 297 3470 ·-
330 3428 496 3506 buiusmodi,
512 3428 587 3501 vulg.
606 3426 738 3484 erasmum:
754 3457 787 3468 -
819 3442 889 3495 mag.
903 3437 958 3507 opt.
972 3442 1051 3496 quom
1065 3441 1133 3495 spor.
1145 3436 1207 3494 pat.

142 3508 272 3546 morarum
287 3493 470 3566 Quintumad
483 3510 546 3549 eum
559 3503 724 3562 venturum,
740 3500 773 3547 ut
788 3504 903 3563 operam
915 3510 944 3546 un
959 3489 1036 3544 bello
1051 3501 1174 3547 navant.

209 3569 233 3639 b.
250 3573 275 3627 5.
310 3575 397 3626 eodem
411 3576 458 3629 illo
476 3577 604 3646 exemplo,
626 3571 754 3629 eiusdem·
762 3572 915 3648 argumenti
930 3588 1015 3644 quam
1030 3573 1207 3643 superiores,

143 3655 218 3729 quac
231 3653 305 3711 aqua
316 3637 440 3694 madidae
452 3643 565 3697 Caesari
580 3639 704 3697 redditae
717 3651 805 3697 erant.
817 3668 850 3683 -·
873 3643 959 3695 iocum
975 3639 1006 3690 de
1019 3657 1069 3691 oua
1080 3651 1206 3708 egestate.

144 3711 248 3762 baeaar
263 3705 428 3776 scripserat,
446 3719 590 3780 argentum
607 3707 659 3762 eibi
672 3724 729 3773 non
744 3722 820 3768 eoae.
837 3722 896 3778 quo
910 3704 1044 3784 Quintum
1058 3716 1153 3776 posset
1167 3704 1207 3760 di·

142 3783 220 3838 tare,
244 3771 366 3827 studium
381 3781 411 3826 et
426 3771 645 3829 benevolentiam
660 3773 685 3831 ei
702 3790 755 3828 non
775 3771 912 3829 defutura.
926 3802 958 3815 -
989 3788 1069 3825 orcae
1090 3784 1205 3825 nostrae.
1319 3800 1324 3809 ·

142 3840 226 3896 Iocus
241 3837 303 3892 ioco
319 3838 434 3894 relatus.
466 3838 557 3907 Situ,
577 3839 604 3894 in
627 3837 680 3906 uit,
702 3854 782 3912 eges,
803 3855 855 3895 noa
870 3855 926 3897 nou
941 3835 1120 3893 abundamus.
1153 3840 1207 3893 Ita-

144 3918 202 3976 quo
223 3921 303 3959 arcae
321 3914 433 3960 nostrae
451 3904 509 3958 noli
527 3857 685 3972 concion
708 3922 772 3959 nam
792 3905 814 3959 si
836 3903 992 3973 decoreris,
1019 3919 1071 3978 ego
1090 3903 1206 3959 tamaio

143 3971 261 4025 nummis
275 3981 324 4025 tuo
342 3987 407 4025 aere
423 3970 512 4025 alieno
528 3988 585 4026 non
601 3988 634 4025 ex
656 3970 752 4027 odiam.
768 4003 800 4015 -
834 3972 1005 4027 conturbarat
1020 3997 1053 4021 =
1070 3969 1205 4040 decoque·

143 4046 206 4157 Eeltl,
222 4051 269 4156 {totle
280 4037 402 4156 &aarum
419 4037 604 4094 contraheret
666 4036 811 4102 Juvenal.
827 4056 859 4109 7,
874 4055 929 4110 rap.
952 4037 1072 4094 Martial.
1087 4054 1118 4108 9,
1131 4037 1164 4103 lp,
1181 4034 1205 4089 5.
