2768 4866
287 251 373 325 V111
480 288 482 294 ·
636 255 990 319 PRAEFATIO.

264 471 365 545 ·tine
385 469 559 544 vertimus
576 465 936 566 explanavimusque,
958 489 1030 566 qno
1051 489 1175 542 eorum
1190 475 1362 547 necessi-

225 608 229 617 “
288 590 424 668 tatibus
443 597 543 665 esset
562 588 787 683 consultum,
812 592 870 688 qui
894 592 1040 687 graecis
1057 590 1173 665 literis
1198 592 1362 669 nondum

289 717 379 790 satis
398 715 591 790 exercitati
610 710 660 786 ad
674 712 879 808 lectionem}
887 710 1013 785 harum
1029 713 1267 812 epistolarum
1291 741 1361 793 ve·

287 842 401 912 niunt.
448 835 678 934 Argumenta
706 833 878 910 Scintzti
897 830 1123 928 addidimus,
1148 844 1190 911 ut
1213 841 1361 937 singula

143 946 168 1053 ’,
288 964 463 1059 cuiusque
484 958 665 1060 epistolae
694 960 835 1057 capita,
870 980 965 1056 quae
996 955 1170 1060 deinceps
1195 967 1362 1037 tractan-

287 1093 371 1179 tur,
395 1083 502 1161 brevi
522 1083 559 1156 in
584 1083 932 1182 oonspeotuposita
952 1084 1092 1158 intento
1116 1086 1218 1179 quasi
1240 1082 1359 1183 digito

289 1211 594 1301 monstrarentur,
614 1207 824 1307 pariterque
843 1202 956 1278 fronti
973 1207 1078 1278 unius
1099 1210 1273 1303 cuiusque
1294 1233 1360 1283 au·

288 1352 371 1403 num
386 1352 422 1401 u.
438 1349 471 1404 o.
491 1331 545 1421 (a.
562 1324 692 1421 Ona),
719 1347 790 1425 quo
807 1330 1044 1426 seripta‘est,
1071 1353 1143 1403 una
1164 1351 1245 1405 oum
1265 1352 1358 1406 oon·

289 1450 407 1526 sulum
431 1451 511 1526 eius
534 1450 619 1523 anni
641 1447 842 1524 nominibus
863 1447 1140 1552 adscripsimus,
1167 1476 1239 1552 quo
1262 1452 1359 1530 faoi·

289 1574 363 1650 lior
382 1571 430 1649 ad
449 1571 658 1649 historicam
677 1573 1018 1672 interpretationem
1037 1582 1137 1651 esset
1155 1574 1288 1653 aditus.
1343 1589 1345 1593 ·

375 1695 505 1772 Finem
536 1695 622 1772 huin
651 1696 870 1797 praefationi
898 1694 1026 1772 faeere
1059 1720 1132 1771 nou
1163 1721 1357 1798 possumus

291 1822 377 1918 quin
394 1818 633 1896 vehementer
652 1826 837 1919 optemus,
860 1826 900 1893 ut
916 1823 1023 1919 aequi
1039 1819 1197 1921 bonique
1213 1823 1359 1903 iudices

202 1940 206 1955 ¹
291 1965 427 2046 operae
450 1941 549 2018 haud
573 1965 663 2018 sane
695 1965 858 2041 parvae,
892 1967 997 2042 quam
1028 1946 1067 2018 in
1095 1945 1258 2021 curanda
1279 1947 1359 2027 hae

289 2065 453 2144 editione
480 2065 760 2160 collocavimus,
785 2062 1047 2166 ponderandae
1063 2046 1358 2150 'examinandae-

291 2211 365 2289 que
387 2209 462 2262 non
478 2187 635 2262 aurificis
653 2193 846 2285 stateram,
865 2189 934 2266 sed
953 2189 1132 2289 quandam
1148 2198 1270 2295 potius
1286 2221 1357 2296 po-

289 2313 453 2414 pularem
466 2314 646 2387 *trutinam
670 2311 885 2402 adhibeant,
912 2319 1023 2411 utque
1047 2313 1255 2392 scholarum
1275 2343 1356 2393 mo·

291 2434 483 2512 deratores
507 2460 577 2511 usu
601 2439 709 2535 periti
734 2438 953 2512 auctoritate
977 2460 1136 2511 suanos
1158 2462 1235 2514 eam
1255 2445 1355 2514 viam

289 2560 453 2636 tenuisse
478 2559 714 2651 confirment,
740 2584 811 2659 qua
834 2561 1032 2633 iuventutis
1062 2559 1181 2636 studia
1209 2563 1353 2658 possint

263 2713 266 2717 ¹
289 2682 362 2759 rite
385 2684 593 2782 promoveri
614 2705 779 2780 vereque
803 2684 929 2757 iuvari.

366 2803 584 2882 Scribebam
608 2801 797 2901 Marburgi
822 2829 866 2877 m.
892 2803 1098 2882 Novembri

561 2950 594 2999 a.
620 2923 929 3004 Mnccoxnll.
