2768 4866
530 258 593 318 LlB.
613 257 656 318 lli.
696 256 747 318 ΕΡ.
768 259 789 317 l.
1121 251 1187 323 lib

126 444 195 512 tius
216 441 359 528 perferri
378 441 519 529 vellem,
540 441 590 508 illi
612 441 747 508 daroma
774 440 861 528 quod
881 442 1071 510 mehercule
1091 443 1186 510 bisce

125 549 252 637 literis,
274 566 359 636 quas
380 548 489 636 vulgo
510 546 555 614 ad
570 550 606 613 te
622 546 737 637 mitto,
758 546 843 612 nibil
855 546 927 613 lere
943 546 1074 636 scribo,
1098 546 1187 634 quod

125 655 158 721 si
183 656 218 721 in
245 654 389 721 alicuius
416 673 534 720 manus
560 653 735 743 inciderit,
765 652 909 720 moleste
934 652 1108 721 ferendum
1130 655 1185 720 sii.

126 760 273 828 Minucio
293 779 347 828 me
368 765 403 828 et
424 757 554 827 Salvio·
566 766 600 827 et
619 758 770 826 Labeoni
790 756 1019 824 reservabam.
1070 758 1186 826 Labeo

125 873 237 935 autem
259 866 357 964 tarde
376 852 606 952 proficiscetur
621 869 679 933 aut
692 863 746 931 bic
759 864 916 931 manebit.
958 864 1186 951 Hippodamus

125 994 171 1042 ne
190 974 347 1062 numquid
367 974 490 1041 vellem
512 973 642 1060 quidem
661 971 810 1059 rogavit.
854 969 894 1036 T.
910 969 1068 1037 Pinarius
1089 977 1185 1036 ama·
1225 971 1282 1040 ΞΒ.

126 1079 215 1147 biles
243 1079 286 1145 ad
314 1097 368 1145 me
395 1077 438 1145 de
465 1077 642 1146 idiliteras
669 1078 790 1143 mittit:
823 1095 863 1144 se
888 1077 1031 1144 maxime
1060 1067 1187 1166 literis,

126 1187 357 1276 sermonibus,
389 1186 504 1253 coenis
534 1184 679 1271 denique
707 1184 774 1249 tuis
803 1182 975 1251 delectari.
1024 1183 1060 1251 Is
1091 1185 1188 1250 homo

127 1299 263 1381 semper
280 1313 335 1361 me
354 1277 538 1359 delectavit
552 1292 722 1374 fraterque
740 1289 813 1354 eius
830 1307 959 1355 mecum
973 1292 1028 1355 est
1039 1288 1187 1356 multum.

128 1398 258 1488 Quare,
278 1403 316 1466 ut
336 1400 531 1488 instituisti,
553 1399 775 1485 complectere
795 1394 1053 1482 adolescentem.

212 1505 310 1590 Quod
330 1506 453 1573 multos
476 1505 550 1571 dies
564 1501 738 1591 epistolem
750 1503 786 1567 in
800 1503 953 1569 manibus
970 1503 1071 1570 habui
1083 1523 1190 1591 prop·
1233 1506 1310 1576 vll.
1326 1503 1374 1573 23

128 1617 181 1679 ter
203 1611 491 1678 commorationem
513 1609 781 1696 tabellariorum,
808 1608 883 1676 ideo
911 1609 1016 1676 multa
1037 1611 1189 1678 coniecta

128 1720 208 1786 sunt
228 1716 320 1784 aliud
341 1715 408 1783 alio
435 1720 605 1806 tempore,
634 1716 730 1783 velut
755 1716 828 1783 hoc.
881 1716 921 1781 T.
941 1716 1083 1782 Anicius
1111 1716 1189 1783 mihi
1267 1710 1272 1719 '

127 1843 232 1911 saepe
250 1825 315 1890 iam
336 1823 422 1890 dixit
442 1842 522 1890 sese
543 1823 620 1912 tibi,
641 1823 865 1889 suburbanum
879 1824 910 1890 si
928 1822 1017 1910 quod
1030 1824 1188 1889 invenis?

128 1936 201 2022 set,
222 1951 290 1998 non
313 1931 533 2007 dubitaturum
551 1944 631 1995 esse
646 1947 767 1995 emere.
809 1937 849 1995 In
863 1930 936 1995 eius
950 1947 1106 1997 sermone
1120 1948 1189 2017 ego

127 2043 301 2126 utrumque
320 2036 414 2104 soleo
436 2026 614 2103 admirari}
643 2039 677 2101 et
698 2037 733 2100 te
754 2033 796 2100 de
818 2035 1008 2103 suburbano
1029 2036 1188 2125 emendo,

129 2165 228 2231 quum
248 2144 293 2211 ad
312 2144 403 2210 illum
424 2144 574 2231 scribas,
596 2161 664 2208 non
684 2141 782 2208 modo
805 2141 849 2208 ad
869 2162 1004 2209 menon
1018 2144 1187 2230 scribere,

129 2251 315 2319 sedetiam
334 2251 432 2317 aliam
451 2250 487 2315 in
508 2249 711 2315 sententiam
737 2249 908 2338 scribere,
939 2253 991 2340 et,
1020 2270 1117 2337 quum
1144 2250 1188 2318 ad

128 2356 221 2424 illurn
242 2354 389 2443 scribas,
410 2353 493 2418 nihil
514 2357 549 2419 te
568 2354 739 2422 recordari
759 2355 804 2421 de
823 2374 882 2444 se,
904 2356 947 2422 de
968 2359 1121 2445 epistolis
1141 2358 1187 2424 il-

129 2463 191 2551 lis,
214 2479 299 2548 quas
319 2461 354 2527 in
375 2459 566 2527 'l'usculano
587 2461 659 2528 eius
677 2466 714 2527 tu
730 2462 810 2528 mibi
826 2462 1025 2550 ostendisti,
1045 2463 1128 2530 nihil
1144 2463 1188 2532 de

128 2567 317 2656 praeceptis
338 2565 546 2657 Epicharmi,
569 2570 694 2651 γνῶθι,
723 2578 789 2642 πῶς
809 2569 905 2652 α’λλῳ
926 2574 1102 2654 κέχρηταις
1131 2573 1187 2637 io-

129 2779 254 2837 Minacio.
298 2783 330 2834 1..
346 2781 483 2835 Minucius
508 2781 616 2834 Basilus
637 2797 696 2836 esee
721 2780 845 2848 videtur,
870 2782 918 2853 qui
940 2800 1002 2835 cnm
1022 2779 1142 2838 Caesare
1160 2783 1188 2838 in

130 2846 220 2900 Gallia
233 2845 294 2900 suit.
329 2849 365 2902 V.
380 2849 459 2899 Ceos.
474 2849 506 2898 B.
521 2845 555 2900 G.
568 2849 595 2913 b,
608 2864 647 2917 up.
666 2847 723 2900 Cic.
739 2844 773 2898 de
788 2847 844 2906 Off.
856 2849 889 2914 3,
906 2849 942 2902 18.
957 2881 989 2894 -
1022 2851 1123 2913 Salorb,
1140 2851 1190 2921 qui

131 2913 181 2967 VI.
194 2910 233 2965 ld.
243 2911 306 2966 Oet.
320 2911 353 2965 ad
364 2911 497 2984 Quintum
510 2914 650 2982 profectus
666 2922 714 2991 est.
741 2916 800 2968 V.e
823 2953 829 2966 .
847 2929 905 2984 aeq.
920 2915 975 2970 init.
992 2947 1022 2957 —
1055 2917 1188 2981 Labeoni,-

129 2996 156 3059 γ.
172 2995 258 3097 suppra
276 2988 298 3044 ι’,
317 2998 338 3046 ι,
360 2980 656 3096 14.·-·dreserrrrppom,
673 2976 767 3032 lateras
784 2931 821 3034 ui
837 2989 863 3059 te
878 2985 945 3036 ders
962 2981 1103 3065 volebam,
1119 3000 1189 3062 qups

129 3059 692 3183 3:¹05.'ilililillll‘liilbnr.
706 3048 1111 3186 i.i¹‘i¹l}².“.²2“ili.tlbi;
1127 3049 1190 3195 ,ib

130 3179 214 3229 celebre.
249 3177 346 3230 Monet
365 3186 511 3249 praeterea
534 3176 639 3241 0rell.,
665 3194 695 3231 se
722 3178 802 3231 facile
831 3182 855 3233 h.
879 3183 898 3235 l.
920 3197 1017 3234 carere
1041 3201 1064 3235 v.
1087 3181 1189 3251 pardum

130 3242 179 3311 (ci.
197 3241 315 3315 Madvig.
330 3244 358 3310 1,
377 3262 403 3314 p.
453 3253 478 3309 ),
501 3245 661 3312 praesertim
675 3260 761 3314 quum
777 3245 849 3299 absit
869 3246 905 3299 ab
927 3245 990 3300 edit.
1011 3247 1139 3301 Cratuud.
1161 3257 1189 3302 et

124 3318 327 3445 ppaqrpcelpopeelppr
346 3326 361 3362 a
378 3327 438 3364 cor.
455 3307 551 3363 Laudi.
585 3313 619 3365 V.
636 3309 669 3362 ad
686 3309 740 3363 dir.
754 3311 787 3379 3,
803 3330 838 3384 9:
862 3324 888 3363 oe
903 3313 1000 3364 adeant
1008 3311 1072 3380 fere
1091 3330 1189 3376 omnes,
1215 3334 1218 3340 ¹

197 3474 221 3535 ς.
240 3484 280 3520 aa.
317 3469 594 3534 llPinorrirsNutte,
611 3469 713 3524 arnicas
730 3469 878 3524 Ciceronis.
913 3474 947 3525 V.
965 3469 998 3522 ad
1015 3469 1069 3522 div.
1089 3474 1189 3539 amai.

131 3533 167 3587 ad
184 3537 242 3612 pti.
259 3534 291 3600 6,
309 3552 337 3599 ι,
355 3535 401 3601 233
419 3537 445 3602 8,
462 3537 500 3602 15,
519 3554 547 3602 ¹3
571 3536 685 3588 fratrem
705 3535 762 3588 sios
781 3541 812 3590 L.
829 3536 984 3603 Pinarium,
1002 3547 1129 3608 nepotem
1146 3555 1189 3592 so·

132 3615 205 3654 roura
228 3616 311 3664 auae,
337 3601 439 3654 Caesar
456 3602 584 3655 herodem
600 3603 723 3656 instituit.
761 3605 794 3657 V.
811 3602 888 3656 Suet.
904 3604 981 3657 Caes.
999 3604 1040 3658 83.
1058 3635 1089 3645 -
1123 3622 1189 3659 conr·

126 3667 254 3737 plectere,
268 3665 316 3718 tibi
332 3665 461 3738 adiunge,
479 3668 505 3721 in
521 3669 622 3721 amicos
639 3668 740 3740 recipe.
763 3672 799 3725 V.
816 3669 849 3721 ad
864 3669 920 3722 Cic.
936 3679 993 3740 pet.
1010 3670 1090 3726 Coma.
1109 3687 1135 3740 p.
1148 3672 1189 3726 38.

197 3759 260 3815 Vll.
280 3765 305 3824 s.
323 3758 362 3814 23.
402 3760 555 3823 ZAnicr'os,
571 3761 695 3816 fortasse·
707 3762 834 3833 pararios
849 3762 909 3818 fuit.
926 3795 959 3806 -
992 3762 1073 3814 olabm
1089 3766 1116 3813 ia
1133 3781 1189 3814 seur

131 3828 242 3878 teretium
258 3826 383 3891 scribere,
405 3834 432 3878 tc
451 3824 484 3879 de
507 3827 670 3881 suburbano
685 3827 800 3882 eruendo
818 3847 873 3882 non
894 3830 1021 3884 eovitare.
1038 3860 1071 3872 -
1104 3829 1134 3878 de
1151 3846 1187 3882 se.

131 3891 227 3969 Lemb.
244 3893 274 3942 de
292 3903 326 3944 ee.
361 3891 471 3945 Schirtu.
485 3908 579 3958 voces,
596 3903 627 3945 ut
639 3894 759 3966 ineptas,
773 3893 888 3962 dalboia
905 3871 1024 3949 cilenia
1035 3892 1189 3964 Bentivogl.

132 3957 200 4010 locus
215 3973 259 4028 ep.
276 3956 309 4009 ad
325 3960 382 4016 Ati.
397 3959 428 4022 b,
440 3962 490 4024 ab,
510 3977 540 4024 r,
559 3959 605 4011 ubi
626 3979 653 4010 se
672 3963 760 4012 invitis
778 3971 819 4014 eet
837 3962 960 4030 proillio
979 3964 1068 4025 abuelis
1075 3980 1088 4025 ,·
1111 3968 1138 4010 el
1155 3963 1186 4024 4,

134 4024 228 4089 15‚i‚
251 4023 401 4077 damianae
422 4040 474 4097 pro
496 4025 568 4076 domi
584 4028 647 4084 erbo.
683 4026 724 4080 cf.
745 4027 837 4084 Sanet.
858 4026 925 4082 Min.
948 4044 979 4095 a,
998 4044 1036 4084 re.
1057 4057 1090 4068 -
1130 4025 1188 4075 Εἰ·

132 4089 251 4149 eiarme',
268 4086 302 4142 de
318 4105 375 4163 quo
391 4111 416 4145 v.
430 4089 464 4144 ud
479 4091 515 4169 Q.
528 4089 585 4145 Cir.
598 4091 659 4150 Pet.
672 4093 754 4148 Cone.
771 4109 800 4166 p.
812 4093 852 4150 50.
865 4122 897 4139 -
930 4097 1028 4166 γνῶθι,
1045 4096 1098 4154 πῶς
1114 4086 1135 4144 ὅ
1167 4112 1188 4162 p
