2768 4866
456 254 518 315 ΠΒ.
539 253 570 314 ll
611 252 663 314 ΕΡ.
684 252 714 313 ll.
1071 244 1114 313 6¹

54 435 183 501 dissetr
204 435 254 500 sic
274 438 313 501 tu
330 431 410 498 mihi
430 431 558 498 videris
578 431 613 497 in
635 429 793 499 Sardinia
814 429 857 496 de
873 429 978 496 forme
992 427 1116 494 Numi-

54 544 152 607 siana
172 545 207 607 et
228 540 271 608 de
289 538 478 606 nominibus
493 535 730 624 Pomponianis
751 534 787 600 in
804 535 873 600 otio
890 532 1117 620 recogitasse.

54 646 130 716 Sed
150 666 218 735 ego
239 647 349 714 adhuc
370 648 434 712 emi
454 645 546 711 nihil.
598 642 771 710 Culleonis
798 641 909 707 auctio
936 639 1029 713 facto
1050 644 1115 706 est.

56 752 247 818 Tusculano
274 754 380 818 emtor
405 768 501 816 nemo
529 749 601 815 fuit.
656 747 697 817 Si
724 746 871 814 conditio
898 745 1000 813 valde
1029 746 1118 813 bona

53 861 172 948 luerit,
193 858 356 925 fortassis·
365 875 433 922 nou
450 856 610 922 omittam.
652 854 706 921 De
721 853 957 921 aedificatione
971 856 1030 919 tuo
1043 852 1117 939 Cy·
1158 834 1190 901 ²·

53 988 126 1034 rum
157 983 382 1053 urgerenon
411 981 521 1030 cesso.
578 962 689 1049 Spero
718 979 794 1027 eum
824 963 859 1027 in
891 961 1002 1027 officio
1033 960 1119 1026 iore.

56 1072 130 1141 Sed
160 1073 268 1137 omnia
298 1073 377 1136 sunt
407 1067 558 1135 tardiore
585 1071 725 1155 propter
756 1067 906 1135 furiosae
935 1067 1120 1135 aedilitatis

56 1179 355 1266 exspectationem.
396 1175 486 1241 Nem
504 1175 636 1241 comitia
656 1175 731 1241 sine
750 1193 844 1241 moro
864 1175 978 1241 futura
994 1175 1120 1242 viden-

56 1291 131 1352 turt
152 1285 262 1351 edicta
283 1286 363 1350 sunt
383 1300 414 1348 n
437 1280 469 1347 d.
490 1280 544 1346 XI
563 1278 640 1345 Kal.
662 1279 763 1344 Febr.
813 1279 864 1345 'le
885 1285 998 1346 tomen
1018 1281 1116 1346 solli-

56 1394 155 1459 citum
175 1409 254 1457 esse
271 1389 363 1456 nolo.
412 1385 519 1455 Omne
539 1403 652 1473 genus
673 1403 695 1451 a
715 1386 811 1452 nobis
832 1388 999 1454 cautionis
1020 1388 1118 1455 adhi-

53 1496 197 1564 bebitur.
240 1493 294 1560 lle
310 1510 398 1580 rege
414 1489 648 1558 Alexandrino
667 1490 792 1557 iactum
810 1496 864 1558 est
878 1498 1016 1560 senntus
1032 1515 1118 1562 con·
1159 1485 1193 1551 3·

55 1603 199 1687 snitum,
230 1619 304 1665 cum
330 1597 540 1664 multitudine
561 1615 635 1664 eum
656 1597 793 1687 reduci,
822 1601 1047 1686 periculosum
1066 1603 1118 1670 rei

56 1778 213 1840 occidisset;
236 1775 364 1829 nimirum
382 1783 460 1828 extra
477 1773 665 1844 pomoerium,
688 1771 807 1846 indeque
827 1774 891 1829 vitio
907 1775 1118 1829 tabernaculum

55 1853 226 1914 ceperat-
269 1840 403 1909 deforma
421 1840 584 1894 Numisiana.
617 1838 664 1894 sto
681 1841 770 1894 Orell.
790 1859 853 1894 cum
872 1840 1024 1975 coddidtro
1042 1843 1117 1913 vulg.

57 1907 192 1975 deforma
205 1908 365 1965 Mantiane.
393 1906 555 1978 Significare
570 1904 679 1961 videtur
695 1907 795 1961 Cicero
808 1907 926 1964 formem
982 1907 1119 1976 rundriss,
1179 1943 1182 1953 ·

56 1975 140 2041 Plan,
162 1972 198 2027 cf.
219 1970 361 2042 Gell.'19‚
382 1989 425 2039 ro,
451 1971 540 2026 Hand.
556 1969 676 2027 adstet.
696 1971 762 2028 silv.
782 1973 840 2026 ts.
862 1992 893 2043 9,
932 1973 1022 2041 ,3644
1046 1972 1119 2025 aedi·

54 2041 124 2106 licii,
146 2038 223 2111 quod
239 2037 359 2115 Quintus
373 2037 401 2090 in
419 2038 523 2090 Palatio
544 2038 607 2090 loco
630 2037 730 2109 prioris
752 2039 857 2092 exstrui
877 1991 1005 2106 volebat,
1028 2041 1120 2094 aNu·

54 2105 133 2158 misio
147 2104 299 2158 architecto
314 2104 424 2157 sectam.
459 2106 493 2159 V.
512 2120 557 2174 ep.
573 2119 631 2174 seq.
649 2108 673 2173 §.
687 2122 703 2171 7
709 2123 719 2172 ;
736 2106 766 2170 4,
790 2101 812 2172 §.
829 2122 862 2172 23
885 2106 917 2173 6,
934 2102 956 2173 ὃ.
968 2106 993 2163 3.
1014 2140 1046 2149 -
1088 2107 1119 2158 ds

55 2173 202 2223 nominibus
217 2171 418 2238 Pomponianis,
435 2167 469 2222 de
508 2169 604 2221 ecunia
619 2186 702 2240 quam
718 2167 803 2224 debes
817 2170 918 2227 Attico.
937 2205 968 2215 -
1002 2173 1054 2225 Sed
1068 2191 1118 2240 ego

55 2239 141 2290 adine
160 2239 211 2288 emi
223 2237 297 2289 uitii.
332 2236 408 2289 Haec
427 2253 470 2289 vv.
486 2187 600 2291 gabuta.
656 2245 681 2291 st
695 2254 720 2289 v.
735 2236 867 2288 Culleonis
883 2236 1062 2307 auctiofacta
1077 2250 1118 2289 est

55 2303 183 2376 ponenda
199 2301 312 2356 censuit.
346 2301 435 2357 Orell.
453 2316 520 2355 vero
533 2299 568 2353 ad
583 2301 608 2354 lu.
636 2301 684 2355 ,si
704 2301 856 2374 quidquam
879 2304 1055 2371 mutandum,
1079 2304 1118 2356 in-

55 2370 133 2440 quit,
158 2370 204 2419 aad
217 2367 322 2440 poterit
345 2365 448 2434 deleri,
473 2377 506 2421 ut
531 2367 612 2420 facile
629 2376 722 2420 ortum
743 2383 775 2420 ex
799 2368 978 2448 geminatione
995 2369 1119 2440 syllabae

55 2434 185 2507 praeced.
202 2468 231 2479 -
266 2433 398 2484 Culleonis
414 2435 514 2490 auctio.
549 2432 691 2487 Culleonis
705 2444 809 2488 mortun
821 2434 893 2486 bona
907 2435 1040 2490 haerodes
1056 2452 1119 2489 auc-

53 2502 130 2556 tione
143 2497 336 2565 vendiderant,
351 2508 465 2569 praeter
478 2498 675 2566 Tusculanum,
692 2499 736 2553 cui
750 2516 831 2552 nemo
848 2510 938 2553 emtor
949 2501 1014 2567 luit,
1031 2499 1120 2572 quod·
1142 2526 1144 2530 ¹

55 2583 111 2639 que
126 2566 236 2632 Cicero,
252 2574 367 2622 auctore
381 2564 500 2618 fortasse
513 2566 612 2630 tratre,
626 2580 718 2618 emere
733 2566 835 2628 voluit,
852 2574 884 2620 ut
896 2583 948 2619 suo
962 2568 1119 2620 Tusculano

56 2629 172 2706 praedio
189 2631 352 2703 propinquo
372 2622 495 2685 adderet.
512 2664 544 2673 -
582 2632 741 2694 Tusculano,
762 2631 919 2700 Culleonis,
938 2650 993 2686 non
1010 2634 1119 2687 Cicero·

56 2700 116 2765 nis,
141 2699 191 2819 spui
205 2699 349 2752 eonsilium
362 2696 512 2777 Tusculani
528 2697 571 2749 sui
585 2695 722 2776 vendendi
736 2696 785 2766 (ad
800 2700 858 2753 Att.
874 2700 904 2765 4,
918 2717 948 2767 a,
964 2704 1003 2769 7.)
1022 2708 1120 2769 postea

58 2776 150 2820 rnutav
161 2774 180 2818 t.
195 2800 228 2810 -
263 2764 390 2825 conditio,
405 2763 682 2827 emendrTnsculanr.
1031 2795 1034 2799 -

124 2836 148 2901 5.
165 2844 189 2885 a.
225 2833 325 2900 Cyrum
342 2828 530 2882 architectum.
567 2848 591 2880 v.
607 2844 650 2899 ep.
667 2826 773 2883 addit.
789 2845 819 2892 a,
834 2831 865 2891 3.
882 2835 906 2895 s.
922 2846 944 2885 n.
966 2828 1000 2883 ad
1018 2828 1073 2885 div.
1089 2848 1120 2900 7,

61 2898 99 2964 ¹4·
115 2914 169 2978 pro
185 2897 280 2951 Milon.
300 2913 339 2964 17.
364 2927 398 2939 --
432 2893 496 2962 fur.
515 2895 675 2956 aedilitatis,
701 2911 785 2965 quarn
808 2894 921 2950 Clodius
942 2895 1064 2967 petebat.
1086 2929 1119 2939 -

58 2965 163 3015 comitis
187 2960 326 3026 aedilicia,
346 2957 449 3031 quibus
473 2959 587 3014 Clodius
611 2959 732 3013 omniurn
756 2960 891 3034 suffragiis
914 2962 1008 3016 aedilis
1030 2963 1120 3017 faetus

58 3039 108 3085 est.
124 3059 158 3071 —-
191 3030 277 3082 edicto
292 3038 374 3097 sunt,
400 3023 488 3078 edicto
508 3028 651 3080 consulum
666 3027 822 3081 Marcellini
839 3037 866 3081 et
884 3028 1060 3100 Philippi-
1095 3048 1120 3081 o.

58 3096 84 3153 d.
102 3098 143 3149 Xl
157 3096 218 3150 Kal.
232 3095 308 3150 Febr.
351 3090 467 3146 Comitia
483 3091 621 3158 aedilicia,
646 3110 719 3165 quae
738 3111 771 3146 cx
789 3111 866 3147 more
884 3112 955 3148 anno
973 3095 1120 3165 superiore

55 3162 117 3214 lieri
133 3159 288 3226 debebant,
305 3175 339 3213 eo
355 3174 443 3229 usque
463 3168 550 3211 tracta
569 3169 662 3225 erant,
702 3159 745 3211 uia
760 3160 942 3214 Marcellinus
960 3161 1062 3230 aliique
1081 3163 1121 3212 iu-

57 3225 160 3279 dicium
176 3225 265 3280 Clodii
281 3224 315 3278 de
331 3225 434 3278 viante
450 3223 556 3276 comitia
574 3225 635 3278 fieri
652 3175 813 3292 voluerant,
832 3224 947 3280 Clodius
967 3242 1045 3290 vero,
1063 3242 1120 3296 quo

17 3308 22 3314 ·
56 3292 187 3345 indicium
210 3292 361 3366 effugeret,
389 3290 570 3344 contenderat
592 3301 623 3344 ut
646 3292 755 3344 comitio
775 3292 880 3344 iudiciis
899 3291 1121 3356 anteferrentur,

58 3373 116 3428 qna
133 3355 167 3407 de
184 3373 271 3410 cause
282 3357 390 3412 comitia
405 3357 480 3410 ultra
497 3356 646 3429 legitimum
669 3367 778 3429 tempus
798 3356 934 3436 producta
955 3367 1041 3411 erant.
1077 3357 1119 3411 Cf.

58 3440 103 3505 ep.
118 3421 243 3475 anteced.
259 3422 333 3477 etad
348 3425 405 3477 Att.
422 3427 453 3490 4,
469 3424 493 3479 3.
509 3430 542 3466 -’-
575 3425 723 3485 cautionis,
740 3438 775 3476 ne
798 3421 865 3495 qnid
885 3433 983 3476 noceat
997 3419 1121 3493 Clodius,

58 3509 81 3545 ει
99 3486 195 3541 aedilis
212 3486 295 3542 fuerit
311 3499 427 3543 creatus.

127 3558 152 3623 s.
168 3554 191 3608 3.
225 3553 265 3602 De
283 3570 311 3604 ro
332 3556 554 3627 ealeaundrino,
575 3555 734 3610 Ptolemaeo
749 3558 866 3623 Aulete,
905 3568 964 3610 atre
980 3557 1054 3623 eius,
1071 3559 1121 3628 qui

58 3620 221 3699 Pompeium
237 3571 353 3672 interiet
368 3619 461 3685 iussit,
487 3632 515 3675 et
531 3621 717 3694 Cleopatrae,
739 3623 776 3678 ob
794 3625 951 3690 avaritiam,
976 3627 1121 3680 crudelita-

59 3698 129 3749 tem,
142 3683 299 3751 lubidinem,
313 3700 400 3752 regno
417 3688 514 3756 pulsus
532 3686 566 3738 ad
582 3699 706 3743 senatum
722 3690 885 3763 confugerat
900 3689 1071 3761 petebatque
1089 3702 1121 3746 ut

54 3755 271 3815 'restitueretum
297 3748 373 3822 quod
391 3749 499 3803 demum
517 3752 619 3806 factum
636 3767 677 3809 est
694 3773 710 3808 a
730 3756 864 3821 Gabinio,
890 3757 985 3825 Syriae
1002 3775 1123 3827 pronon.

58 3821 136 3883 sule,
153 3819 201 3890 qui
218 3819 313 3869 decem
332 3815 453 3869 millibus
469 3817 638 3872 talentorum
657 3820 793 3887 donatus,
808 3823 966 3894 provinciae
983 3839 1049 3875 suae
1065 3835 1121 3877 ter·

61 3885 140 3939 minis
154 3901 297 3960 egressus,
320 3898 414 3960 regern
429 3882 569 3948 restituit,
592 3895 619 3939 et
633 3898 730 3956 postca
748 3889 816 3940 hanc
830 3887 867 3941 ob
885 3906 994 3942 causam
1012 3888 1121 3943 damna-

59 3964 104 4009 tus
121 3960 171 4005 est.
197 3949 239 4005 Ci.
257 3966 273 4002 c
295 3947 352 4002 .ad
371 3947 423 4001 (liv.
441 3967 468 4014 1,
485 3965 540 4018 rsq
565 3983 617 4003 ,-
651 3971 709 4006 cum
729 3954 845 4016 mulsit„
860 3973 922 4009 cum
939 3955 1059 4010 exercitu
1078 3971 1121 4007 rc-

59 4035 122 4090 gem
143 4015 252 4070 restitui
267 4015 332 4071 libri
346 4013 474 4086 Sibyllini
490 4025 550 4068 veta
573 4027 620 4070 ant
642 4025 681 4088 (v.
697 4020 750 4072 Dio
765 4020 897 4095 Cenabo,
916 4024 980 4093 rb),
999 4022 1025 4078 td
1044 4017 1120 4092 quod

61 4089 131 4142 Ceto
147 4081 276 4138 tribunus
292 4084 330 4154 pl.
349 4084 377 4135 in
393 4093 490 4137 senatu
508 4082 619 4137 monuit.
