2768 4866
271 250 319 322 72
413 257 448 316 li.
468 256 500 317 t.
523 254 706 319 CICERONIS
726 255 878 317 aristot.
899 256 948 317 alt
970 257 1001 328 0.
1022 209 1202 323 addititii

628 621 894 704 larisseus
926 623 975 702 V.

292 765 399 844 Scripta
420 765 523 825 Romae
543 762 676 842 postridie
696 764 765 823 Non.
786 763 852 840 Apr.
874 765 906 822 Α.
928 763 959 823 U.
981 762 1010 823 C.
1033 762 1094 824 698
1116 768 1158 838 (a
1182 764 1252 826 Cirr.
1272 767 1326 839 56]

672 843 768 912 iudom
789 846 954 911 consulibus.

269 991 480 1058 Arpumcntusn.
515 984 558 1036 Dc
573 981 690 1054 pecunia
712 983 740 1035 in
761 999 821 1037 rem
835 980 1042 1036 frumentariam
1056 981 1195 1054 Pompeio
1217 980 1341 1050 decretal

289 1060 293 1069 '
369 1064 404 1120 de
423 1080 490 1138 agro
507 1066 647 1136 Campano
665 1062 732 1136 quid
755 1074 847 1121 ectum
863 1065 898 1123 sit
918 1067 947 1121 in
968 1075 1067 1127 senatu
1087 1084 1118 1133 ις
1144 1064 1180 1120 de
1203 1067 1247 1129 Μ.
1260 1069 1339 1122 Furio

370 1146 473 1203 Flacco
489 1142 524 1201 de
541 1145 663 1219 collegiis
680 1144 766 1203 eiecto
783 1164 805 1201 a.

538 1294 732 1363 naseos
761 1293 801 1378 o.
831 1293 1007 1361 renam
1034 1295 1074 1364 s.

199 1424 232 1498 i.
355 1430 524 1503 Dederam
545 1430 589 1498 ad
612 1433 647 1497 te
667 1431 785 1501 literas
807 1434 930 1517 antea,
953 1429 1072 1517 quibus
1087 1433 1166 1497 erat
1181 1435 1336 1517 scripturn

271 1536 413 1604 Tulliam
434 1543 585 1605 nostram
599 1535 798 1630 Crassipedi
818 1537 927 1624 pridie
940 1537 1029 1603 Nou.
1049 1537 1159 1624 April.
1179 1557 1266 1606 esse
1284 1537 1337 1602 de·

272 1665 454 1732 sponsam:
476 1650 657 1733 ceteraque
679 1646 721 1718 de
741 1663 780 1711 re
800 1643 933 1731 publica
949 1647 1148 1731 privataque
1165 1645 1335 1732 perscrip-

271 1771 394 1819 seram.
437 1754 565 1821 Postea
583 1762 663 1819 sunt
679 1753 763 1818 haec
779 1756 874 1818 aeter
896 1751 984 1837 Non.
999 1753 1081 1838 Apr.
1097 1757 1246 1818 serratus
1262 1771 1335 1818 con·

272 1861 364 1927 sulio
385 1861 545 1952 Pompeio
566 1861 708 1947 pecunia
728 1858 867 1926 decreta
886 1861 920 1933 in
936 1877 1007 1926 rem
1023 1857 1283 1927 frumentariam
1301 1854 1335 1925 ad

272 1964 335 2041 HS
362 1986 458 2039 cecc,
501 1962 574 2033 Sed
597 1964 714 2040 eodem
736 1963 791 2031 die
812 1964 1030 2031 vehementer
1054 1965 1167 2043 actum
1191 1961 1236 2029 de
1260 1978 1331 2050 agro

273 2069 444 2156 Campano
466 2069 613 2137 clamore
634 2074 775 2138 senatus
796 2089 900 2157 prope
924 2068 1122 2149 concionali,
1166 2070 1335 2139 Acrioren

274 2193 412 2251 causam
438 2175 551 2263 inopia
576 2177 741 2264 pecuniae
768 2176 915 2246 faciebat
946 2181 981 2249 et
1012 2193 1171 2248 annonae
1205 2179 1334 2244 caritas.

198 2275 233 2352 2.
273 2278 353 2346 Non
374 2283 638 2376 praetermittam
658 2300 702 2354 ne
722 2281 804 2350 iilud
826 2280 977 2370 quidem:
1007 2277 1053 2346 tl.
1075 2280 1217 2348 Furium
1239 2283 1334 2348 Flac·

273 2404 366 2477 cum,
395 2391 536 2478 equitem
557 2391 761 2479 Romanurn,
789 2388 954 2457 homiuem
976 2381 1137 2474 nequam,
1159 2385 1334 2476 Capitolini

272 2498 307 2561 et
327 2493 548 2571 Mercuriales
576 2495 619 2562 de
639 2496 785 2587 collegio
807 2495 997 2587 eiecerunt,
1027 2499 1260 2589 praesentem,
1287 2495 1329 2567 sd

271 2599 378 2698 pedes
399 2602 499 2676 anim
520 2601 680 2698 cuiusque
700 2602 876 2678 iacentem,

339 2814 367 2874 ς.
393 2824 416 2860 ι.
450 2809 552 2861 literas.
586 2809 645 2860 lise
662 2805 759 2860 literae
777 2801 812 2860 de
834 2803 925 2858 Tullia
946 2803 1102 2876 Crassipedi
1122 2803 1266 2887 desponsa
1283 2820 1331 2858 uon

271 2880 388 2925 exstant.
404 2904 437 2916 -
469 2874 632 2941 desponsam.
667 2872 714 2928 Sic
730 2889 793 2926 oum
811 2869 892 2925 codd.
910 2869 993 2925 edidit
1011 2870 1090 2925 Oreii
1108 2908 1117 2935 ‚
1134 2886 1185 2940 qur
1209 2870 1332 2940 adnotat,

272 2935 348 2999 suet.
368 2937 463 2991 Claud.
475 2953 540 3004 opo
563 2940 658 2992 timum
674 2935 734 2992 cod.
750 2939 813 2992 item
828 2936 931 2990 habero
950 2937 1102 3005 desponsam
1126 2953 1181 3006 pro
1200 2939 1248 2990 des
1266 2954 1331 2989 omo·

272 3011 341 3062 tam,
358 2955 775 3073 consonaqueiubetoralenb.
791 3000 825 3054 ad
838 3002 897 3056 Lir.
917 3021 944 3066 r,
960 3005 1008 3070 eo,
1019 3017 1042 3056 a.
1062 3004 1110 3071 ad,
1120 3005 1169 3066 50,
1183 3019 1207 3056 a.
1276 3006 1331 3074 ulgo

272 3065 392 3140 iegitur:
409 3069 646 3136 desponsatam-
679 3073 707 3120 in
723 3086 779 3120 cern
808 3071 1006 3122 elementariam.
1043 3087 1067 3120 r.
1087 3067 1121 3122 ad
1140 3072 1200 3121 Art.
1220 3075 1255 3136 4,
1269 3087 1296 3135 ι,
1310 3084 1331 3135 p.

270 3164 306 3178 -
327 3133 378 3186 HS.
393 3135 483 3187 0000.
499 3159 532 3183 =
549 3133 706 3189 sestertidm
720 3149 776 3211 qua
797 3133 942 3205 ringenties
958 3133 975 3186 i.
989 3150 1012 3188 e.
1029 3133 1147 3206 quadrin
1168 3134 1260 3189 cuties
1278 3150 1331 3187 cen·

269 3209 334 3256 tono
349 3199 442 3253 millia.
457 3232 488 3242 -
521 3200 553 3251 ds
568 3217 637 3268 agro
653 3202 716 3252 Cam
734 3218 805 3268 ano,
822 3200 899 3254 cuius
915 3209 1040 3271 partem,
1057 3200 1132 3272 plcbi
1146 3150 1330 3264 dividendam,

268 3265 324 3321 emi
347 3282 363 3320 a
383 3265 498 3339 prirads
514 3264 632 3338 pecunia
651 3219 764 3339 pubiica
780 3269 880 3322 Caesar
897 3283 960 3319 oum
979 3264 1125 3333 voluisset,
1149 3281 1202 3322 uec
1219 3264 1331 3338 pecunia

270 3348 324 3404 snp
346 3341 453 3398 uteret,
476 3330 580 3385 iactum
602 3342 645 3387 cst
660 3332 762 3388 SCtum
778 3349 842 3388 uon.
861 3334 930 3402 Apr.
951 3334 980 3385 in
998 3332 1159 3387 sententiam
1175 3331 1315 3387 Ciceronis

270 3408 302 3456 nt
335 3415 349 3450 e
364 3415 431 3469 agro
445 3399 584 3517 Campano
599 3398 689 3453 idibus
700 3399 765 3454 Maii
778 3397 920 3470 frequenti
935 3408 1033 3455 senatu
1047 3398 1214 3455 referretur.
1251 3399 1314 3456 V·a

269 3463 322 3518 dir.
340 3463 452 3536 r‚9,8.
466 3464 630 3536 eol.supra
645 3463 679 3517 ad
698 3465 841 3536 epohui.
855 3462 919 3516 libr.
938 3469 962 3530 §-
981 3483 1051 3518 r.-
1085 3467 1235 3525 acriorem,
1252 3473 1284 3518 ut
1299 3461 1329 3516 ds

272 3545 305 3586 ea
317 3529 501 3584 vehementius
514 3527 709 3602 disputaretur.
723 3561 757 3573 -
781 3532 870 3600 laepia
880 3532 1019 3598 pecuniae,
1032 3547 1087 3602 qua
1101 3531 1220 3585 Senatus
1235 3546 1328 3603 agrurn

271 3596 439 3666 Campanum
458 3613 490 3649 ex
507 3597 566 3668 lege
582 3595 704 3659 Caesaris
726 3605 836 3651 emeret.
854 3627 884 3640 -
926 3612 1045 3649 canonae
1065 3599 1185 3658 roratas,
1209 3611 1285 3665 quac
1299 3591 1329 3647 ad

271 3677 369 3739 agrurn
378 3663 546 3733 Campanum
559 3659 702 3715 emendum
715 3660 848 3734 plebique
863 3657 1037 3715 dividendum
1049 3662 1163 3716 incitare
1176 3660 1328 3717 videbatur.

341 3761 367 3816 3.
384 3771 408 3811 a,
441 3758 586 3823 Capetolipr'
597 3769 621 3809 at
638 3756 827 3818 Mercuriales,
852 3751 908 3808 dno
924 3769 1026 3828 genera
1042 3755 1181 3810 hominurn
1199 3765 1329 3808 mercato·

271 3837 334 3876 rum
355 3838 376 3874 s.
393 3825 612 3892 negotiatorum,
636 3838 670 3876 ex
688 3821 790 3894 quibus
808 3821 953 3893 collegium
971 3819 1056 3885 illud,
1082 3819 1157 3874 uude
1174 3822 1214 3875 M.
1229 3821 1328 3876 Furius

270 3886 389 3950 Flaccus
411 3897 453 3940 est
474 3889 592 3954 eiectus,
617 3889 770 3944 constabat.
810 3887 855 3942 liii
873 3903 963 3960 prope
984 3887 1147 3959 Capitolium
1169 3885 1329 3940 habitabant

269 3951 400 4006 ludorum
425 3969 458 4005 uc
472 3955 689 4024 Capitoliuorum
703 3971 797 4008 curam
813 3953 966 4008 habebant·
990 3953 1016 4006 iri
1033 3968 1048 4006 a
1064 3952 1269 4027 negotiatorum
1285 3969 1328 4025 pa·

270 4029 364 4083 trono,
420 4021 546 4085 ercurio,
567 4020 658 4074 eiusve
675 4021 780 4091 templo
797 4017 871 4074 dicti.
905 4039 929 4074 v.
949 3992 1017 4075 lior.
1035 4029 1085 4076 sat.
1101 4036 1132 4087 a,
1145 4019 1177 4089 a,
1192 4019 1233 4083 ab,
1251 4029 1279 4079 ct
1296 4019 1326 4078 do

270 4085 311 4149 iria
326 4084 447 4168 collegiis
458 4084 568 4146 omniuo
585 4086 643 4144 ur.
662 4102 691 4154 e.
706 4102 746 4153 ²7·
762 4088 795 4160 ⁶,
810 4086 851 4147 io
