2768 4866
183 215 231 286 62
332 220 367 281 tt.
389 219 419 278 Τ.
442 215 624 281 CICERONIS
645 215 792 278 Eristos.
814 217 862 278 lo
884 217 915 290 Q.
937 217 1108 280 FRATREM

183 400 338 490 publicae
359 397 478 473 villeri.
519 397 665 486 Reliqua
685 414 783 483 quum
805 401 900 463 esset
913 399 948 464 in
963 403 1087 465 senatu
1104 401 1252 466 conten-

185 511 254 596 tio,
275 507 485 573 Lentulusne
505 525 549 572 an
570 505 748 592 Pompeius
769 503 967 594 reduceret,
990 505 1150 572 obtinere
1170 523 1251 571 cau-

186 636 258 683 sam
289 614 456 680 Lentulus
482 610 672 680 videbatur.
726 611 767 676 ln
795 629 837 678 ea
864 631 929 678 nos
956 615 993 679 et
1021 609 1138 677 officio
1169 630 1253 698 erge

186 701 365 790 Lentulum
388 720 525 787 mirifice
546 723 581 786 et
601 719 768 785 voluntati
781 717 932 805 Pompeii
949 717 1131 805 praeclare
1150 721 1251 784 satis·

188 830 340 896 fecimus.
392 825 464 895 Sed
492 843 553 912 per
575 825 821 891 obtrectatores
842 821 981 890 Lentuli
1006 841 1067 891 res
1086 824 1252 903 columnis

189 940 344 1003 extracta
358 940 422 1000 est.
465 931 648 1000 Consecuti
668 935 747 997 sunt
769 930 841 997 dies
862 930 1066 1018 comitiales,
1087 949 1154 1017 per
1175 951 1253 1017 quos

190 1049 331 1112 senatus
346 1041 463 1108 haberi
477 1059 545 1105 non
558 1043 704 1125 poterat.
747 1037 834 1120 Quid
848 1038 993 1105 futurum
1009 1041 1055 1106 sit
1075 1039 1252 1106 latrocinio

190 1153 416 1236 tribunorum,
444 1166 512 1213 non
539 1146 677 1213 divino:
707 1143 771 1211 sed
797 1147 909 1210 tamen
930 1144 1086 1230 suspicor
1106 1163 1173 1232 per
1194 1147 1254 1211 vim

97 1334 99 1341 ,
190 1260 405 1347 rogationem
418 1253 595 1322 Caninium
611 1252 825 1340 perlaturum.
866 1253 907 1318 ln
928 1270 970 1318 ea
990 1251 1132 1337 requiri
1154 1252 1254 1318 Pom·

191 1369 288 1455 peius
309 1365 410 1451 velit,
431 1381 500 1429 non
520 1361 671 1448 dispicio.
711 1357 910 1426 Familiares
925 1359 999 1424 eius
1013 1357 1095 1443 quid
1109 1361 1255 1444 cupiant,

193 1491 310 1540 omnes
330 1470 457 1538 vident.
506 1466 701 1536 creditores
726 1484 809 1534 vero
836 1466 934 1553 regis
955 1468 1073 1551 aperte
1095 1465 1256 1551 pecunias

193 1577 409 1664 suppeditant
429 1579 547 1643 contra
568 1574 759 1641 Lentulum.
808 1573 893 1641 Sine
920 1573 1019 1639 dnbio
1039 1590 1099 1639 res
1121 1593 1146 1639 a
1168 1574 1256 1638 Len-

194 1685 264 1750 tnlo
296 1686 424 1749 remota
454 1683 588 1748 uidetur
620 1700 718 1772 esse,
753 1699 826 1749 cum
856 1698 979 1766 magno
1010 1699 1085 1749 meo
1122 1681 1256 1748 dolore:

196 1808 392 1877 quamquem
420 1788 526 1855 multa
552 1788 653 1875 fecit,
687 1804 816 1876 quare,
844 1787 875 1851 si
901 1786 955 1852 tas
982 1788 1101 1871 esset,
1133 1789 1209 1856 inre
1234 1789 1257 1856 ei

145 1944 153 1962 .
197 1914 401 1963 succensere
419 1913 609 1981 possemus.
649 1895 722 1983 Tu,
742 1894 772 1957 si
793 1893 841 1957 ita
863 1893 1016 1981 expedit,
1038 1884 1146 1960 velim
1169 1914 1258 1983 quan

197 2007 338 2094 primum'
357 2003 445 2068 bona
466 2005 503 2067 et
523 2004 618 2067 certa
635 2004 838 2086 tempestate
856 1997 1068 2067 conscendas
1083 2000 1134 2067 ad
1149 2019 1257 2088 meque

199 2188 252 2243 obt.
270 2204 341 2240 catto.
360 2183 463 2236 Lentul.
496 2203 522 2237 v.
538 2181 577 2237 ed‘
590 2181 643 2238 div.
662 2203 690 2250 r,
705 2186 736 2252 4,
752 2203 775 2240 ι.
793 2217 825 2227 -
858 2184 940 2254 officio
956 2202 985 2235 rr
1006 2204 1022 2236 a
1039 2184 1205 2252 lentulum,
1220 2186 1261 2260 qui

199 2253 296 2306 consul
320 2250 354 2303 de
375 2251 510 2305 Cicerone
529 2247 700 2305 restituendo
721 2248 756 2303 sd
777 2260 901 2305 senatum
922 2203 1068 2310 retuicrst.
1085 2285 1122 2300 -
1168 2256 1261 2308 volam.

200 2319 333 2388 Pompeii,
354 2316 391 2370 ita
408 2316 528 2434 offendo,
554 2329 584 2372 ut
599 2318 667 2371 Pom
690 2317 760 2370 cium
779 2334 835 2370 non
852 2315 1024 2387 obtenderet,
1045 2337 1078 2372 r.
1096 2333 1174 2390 quae
1194 2319 1227 2374 dc
1239 2319 1263 2372 i.

199 2386 219 2439 l.
235 2383 383 2455 disputarit
396 2389 423 2436 A
438 2385 498 2436 eleo
512 2384 539 2437 in
552 2385 643 2439 libro:
681 2386 751 2438 icero
762 2387 789 2436 ia
803 2385 889 2435 ericen
902 2381 1008 2464 Briqseo
1021 2400 1050 2456 p.
1068 2387 1117 2453 ripa
1133 2398 1191 2447 not.
1208 2407 1262 2455 ι.--Ι

203 2451 395 2503 obtrectatores
416 2451 540 2512 Lentuli,
563 2450 688 2522 inprimis
702 2450 835 2504 Catonern
855 2460 884 2504 et
896 2449 1058 2524 Caninium,
1081 2451 1213 2507 tribunos
1227 2451 1262 2523 pl.

201 2534 229 2570 v.
249 2514 284 2568 ed
303 2513 356 2572 div.
373 2535 400 2584 ι,
415 2520 446 2584 4,
464 2534 491 2584 ¹3
512 2518 542 2584 ὅ,
556 2538 587 2588 ²3
602 2516 663 2586 7,3
690 2547 724 2560 -
756 2517 889 2571 columnia
908 2516 1049 2589 religionis
1065 2516 1101 2569 ed
1119 2516 1260 2591 impedien-

203 2582 269 2635 dum
291 2583 372 2652 licta,
394 2602 421 2636 r.
438 2581 474 2636 ed
491 2581 544 2639 div.
567 2597 595 2651 r,
613 2603 640 2647 1,
658 2601 668 2634 ι
689 2591 759 2637 extr.
775 2585 806 2648 4,
823 2598 852 2639 nc
884 2597 1006 2636 unomen
1021 2579 1172 2641 inductum
1188 2587 1260 2639 lictae

202 2648 409 2722 roligionis«-
432 2649 573 2704 latrocinio
587 2649 666 2711 trib„
681 2647 854 2720 iniquissimis
868 2648 1135 2704 conatibusGatonis
1153 2647 1264 2706 etGani·

204 2714 241 2768 nii
256 2714 290 2766 ad
307 2712 477 2786 eripiendam
491 2716 612 2768 Lentulo
628 2714 702 2787 regis
717 2713 915 2770 reductionem.
945 2713 1018 2787 v.[ed
1033 2713 1090 2770 div.
1106 2736 1136 2781 r,
1154 2721 1191 2785 4,
1205 2736 1226 2770 1.
1236 2748 1264 2761 -

205 2783 363 2842 Caniniam,
381 2781 460 2835 cuius
476 2782 583 2853 rogatio
599 2792 677 2846 crat,
701 2791 732 2853 nt
749 2783 896 2854 Pompeius
913 2780 976 2836 c'u'rn
995 2777 1107 2836 duobus
1125 2782 1265 2840 lictoribus

206 2862 300 2918 regem
318 2849 478 2901 restitueret
487 2869 496 2918 3
513 2865 596 2920 quam
614 2858 774 2901 tamennon
813 2848 923 2917 ertulit3
941 2847 1074 2904 Gabinius
1090 2849 1167 2905 enim
1183 2850 1267 2904 Ptole·

207 2914 460 2968 maeumrestituit.
479 2947 511 2956 —
545 2933 597 2966 aon
616 2916 733 2984 dispicio,
798 2913 859 2969 ,od
873 2913 928 2970 div.
946 2934 974 2982 ι,
992 2933 1021 2981 a,
1038 2915 1071 2981 33
1098 2936 1127 2979 ι,
1145 2917 1180 2972 5:
1205 2912 1267 2972 used

207 2977 280 3032 nosti
292 2977 407 3032 hominis
422 2979 578 3034 tarditatem
592 2991 619 3034 et
632 2980 872 3036 taciturnitatem«.
889 2980 923 3033 ad
936 2984 994 3035 Ate.
1004 2986 1029 3049 4,
1042 2998 1070 3104 4,
1085 2981 1122 3035 ad
1137 2982 1196 3037 div.
1208 2984 1234 3049 8,
1245 3000 1267 3035 tt

208 3043 300 3098 »solet
317 3044 387 3096 enirn
405 3043 479 3098 eliud
493 3047 594 3099 sentire
611 3056 638 3100 ct
654 3046 765 3121 loquio.
783 3076 815 3088 -
849 3048 942 3100 Famil.
958 3048 1026 3108 eiam
1071 3047 1205 3119 oleatius,
1221 3053 1268 3103 Ln-

208 3127 272 3182 pus,
290 3109 429 3177 Afranius,
445 3111 527 3179 Libe,
545 3114 702 3182 Hypsaeus,
720 3112 857 3167 Caninius.
871 3144 903 3155 —
938 3113 1088 3165 Creditorea
1100 3132 1167 3167 aero
1184 3119 1269 3186 regist

209 3175 243 3229 ed
262 3175 317 3231 div.
332 3195 360 3244 ι,
375 3196 403 3242 ι,
418 3196 448 3231 1:
471 3178 670 3242 νΑιῃιηοηίιιε,
688 3178 761 3252 regia
776 3181 898 3250 legatus,
913 3190 1009 3252 aperte
1025 3181 1145 3250 pecnnia
1159 3200 1215 3247 nos
1226 3199 1269 3252 op

231 3250 323 3317 ugntt.
357 3244 412 3297 Res
425 3242 515 3316 egitur
551 3261 582 3298 cr
599 3243 709 3298 eosdem
725 3243 899 3304 creditores«
917 3257 967 3300 etc.
991 3278 1024 3289 -
1067 3248 1270 3302 contrahentu-

208 3262 283 3372 iam,
310 3319 341 3363 ut
365 3307 490 3364 reductio
510 3263 549 3364 ab
567 3302 687 3366 Lentulo
708 3309 742 3365 ad
761 3312 921 3382 Pompeium
944 3311 1141 3368 transferatur.
1164 3347 1201 3359 -·
1234 3331 1270 3367 rer

212 3397 228 3428 o
245 3377 320 3432 Leat.
335 3388 428 3428 remor.
444 3379 548 3430 or'tletor
566 3397 619 3430 esse
638 3377 653 3432 i.
672 3393 695 3431 e.
711 3378 847 3432 Lentulus
865 3378 1004 3450 repulsam
1021 3379 1131 3434 loturus
1153 3397 1218 3437 esse
1238 3379 1269 3433 ri·

212 3441 303 3497 detur.
318 3473 351 3485 -
374 3441 458 3508 risos
473 3457 556 3507 esset,
574 3444 602 3497 in
638 3443 733 3498 etriern
747 3445 817 3497 enim
833 3443 868 3497 ab
883 3460 915 3498 eo
929 3445 1072 3498 restitutus
1087 3456 1149 3499 eret
1163 3447 1269 3501 Gicsro.

214 3540 246 3552 -
262 3527 427 3570 succensere,
467 3510 508 3562 uio
523 3463 674 3574 Lentuiits,
689 3511 786 3564 consul
800 3510 918 3581 proximi
933 3510 1010 3579 enm,
1025 3509 1155 3565 damnum
1177 3530 1194 3566 a
1212 3514 1270 3567 Glo-

214 3570 300 3626 dianis
316 3574 344 3627 in
358 3526 516 3630 Tuscuiano
534 3587 561 3630 et
576 3579 725 3631 Formiano
740 3577 867 3630 Ciceroni
882 3574 1006 3646 illatum,
1022 3595 1078 3631 non
1093 3578 1187 3648 pluris
1201 3580 1272 3634 aesli-

213 3650 329 3772 rffisozm
348 3641 425 3764 qu5od
440 3654 547 3709 temen,
563 3645 660 3697 consul
678 3660 765 3714 quum
781 3652 861 3710 esset,
878 3659 963 3715 penes
980 3660 1043 3708 eum
1058 3644 1162 3700 fuerat.
1199 3666 1227 3700 v.
1242 3642 1272 3699 ai

265 3746 272 3758 .
313 3724 364 3775 ‚a,
399 3749 404 3759 .

282 3794 308 3856 s.
332 3794 355 3856 4.
396 3792 422 3840 si
436 3793 475 3842 ite
493 3792 594 3860 eopedr't
617 3792 634 3846 i.
652 3806 676 3845 c.
702 3791 725 3844 si
745 3791 782 3845 ita
804 3791 978 3848 commodum
997 3803 1040 3848 est
1058 3811 1080 3849 s.
1097 3794 1184 3849 iuret.
1232 3795 1275 3851 sie

217 3849 278 3906 cod.
292 3852 367 3907 Med.
383 3871 397 3906 a
413 3857 501 3927 prima
514 3875 612 3926 rnann3
633 3873 648 3909 o
664 3860 783 3912 secunda
800 3874 868 3914 vero
886 3862 975 3912 citrea
991 3860 1095 3929 expedit
1102 3879 1116 3923 ,·
1132 3861 1210 3916 unde
1224 3864 1277 3916 for·

104 3969 107 3977 ,
216 3929 290 3973 tasso
307 3921 333 3970 si
349 3923 402 3972 isto
420 3924 539 3992 expedito
561 3921 707 3996 legendum
724 3925 840 3979 coniecit
858 3926 947 3981 Orell.
965 3927 1034 3981 Cod.
1052 3927 1156 3982 Fati-ni
1175 3928 1275 3983 hebet:

218 3988 244 4038 si
259 3985 311 4066 {sto
324 3987 456 4055 *exportasti
469 3989 485 4042 i.
501 4005 526 4046 e.
542 3991 564 4044 si
580 4007 625 4045 res
639 3993 666 4044 in
682 3991 807 4046 Sardinia
820 3992 965 4064 peregisti,
982 3991 1048 4047 nihrl
1063 4001 1092 4046 te
1106 3995 1229 4067 amplius
1242 3994 1276 4049 ibi

217 4061 328 4106 retinet.
345 4086 377 4096 -
412 4057 568 4106 conscendes
585 4074 689 4117 navem,
1228 4094 1230 4101 ·
