2768 4866
512 228 589 290 ·LlB.
609 229 641 290 ll.
682 230 734 292 bl.
755 230 797 292 lli.
1143 227 1192 297 6³

128 413 258 481 venias.
310 411 575 479 Innumerabiles
605 412 691 479 enim
721 426 781 480 res
809 416 909 500 sunt,
940 413 975 478 in
1006 412 1126 499 quibus
1156 417 1192 480 to

131 519 277 606 quotidie
296 519 331 586 in
353 520 440 588 omni
459 537 590 608 genere
611 518 812 588 desiderem.
853 519 918 586 'lui
937 521 1110 607 nostrique
1126 537 1191 588 va-

93 678 96 683 <
131 626 211 694 lent.
253 626 371 695 Xllll.
392 626 472 693 Kal.
494 626 595 694 Febr.

472 928 742 1007 EPISTOLA
775 930 843 1006 111.

184 1098 293 1176 Scripta
314 1096 415 1156 Romae
436 1094 505 1174 prid.
527 1093 564 1154 ld.
586 1094 665 1156 Febr.
680 1093 720 1191 ¹rt.
742 1094 773 1154 U.
797 1093 826 1154 C.
847 1093 908 1154 698
929 1098 970 1168 (a.
992 1093 1053 1154 libr.
1078 1094 1134 1169 56)
1214 1108 1221 1119 ‘

517 1191 614 1254 iisdem
639 1191 806 1253 oonsulibus.

127 1363 336 1427 Aryamentum.
371 1357 414 1408 De
430 1352 543 1408 Milonis
562 1368 577 1405 a
594 1347 694 1406 Clodio
711 1349 747 1404 ad
765 1352 901 1424 populum
919 1349 953 1405 ds
974 1352 998 1405 ri
1015 1351 1136 1405 accusati
1154 1351 1194 1404 iu·

194 1438 265 1491 dicio
283 1458 334 1491 ι-
344 1455 359 1491 o
367 1456 376 1507 3
394 1434 429 1489 dc
444 1435 511 1490 actis
527 1435 555 1488 in
572 1444 669 1488 senatu
684 1432 761 1500 3-4
770 1453 779 1503 3
802 1432 836 1487 dc
850 1432 941 1488 Sestio
957 1432 1000 1487 bis
1017 1443 1146 1488 accusato
1162 1432 1178 1487 5
1184 1451 1193 1502 ;

180 1518 231 1573 de
244 1519 369 1575 orations
384 1534 434 1572 sua
450 1533 505 1588 pro
520 1516 611 1570 Bestia
626 1515 719 1570 habita
735 1514 769 1585 ⁶3
794 1514 929 1570 derebus
947 1515 1102 1570 domesticis
1118 1532 1143 1584 7.

386 1647 579 1718 mancos
610 1648 650 1734 o.
679 1630 857 1715 aalma
885 1648 924 1718 s,

211 1785 343 1874 Scripsi
371 1785 415 1853 ad
447 1790 482 1853 te
515 1788 619 1852 antea
649 1787 844 1871 superiores
881 1804 969 1850 nunc
1000 1801 1192 1873 cognosce,
1257 1839 1265 1856 .

127 1897 251 1981 postea
272 1908 356 1980 quae
376 1895 446 1959 sint
466 1896 552 1959 acta.
577 1890 721 1986 blial.
734 1878 835 1959 Febr.
854 1892 1048 1980 legationes
1061 1891 1097 1956 in
1110 1890 1191 1955 Idus

128 2000 231 2066 Febr.
252 2001 501 2069 reiiciebantur.
542 1999 596 2065 ido
618 1999 750 2066 dieras
771 1999 928 2065 coniecta
949 2017 1018 2064 non
1042 2004 1106 2064 est.
1148 1998 1191 2062 A.

125 2106 158 2172 d.
179 2106 260 2172 llll.
283 2106 373 2173 Non.
396 2106 496 2173 Febr.
518 2105 600 2172 Milo
622 2106 732 2172 alluit:
755 2107 787 2173 ei
803 2105 983 2192 Pompeius
1001 2103 1191 2172 advocatus

125 2213 230 2279 venit.
280 2212 447 2278 Dixitlll.
474 2211 674 2303 Marcellus,
703 2234 725 2281 a
750 2232 803 2281 me
831 2215 984 2301 rogatus.
1035 2211 1190 2277 Honeste

127 2315 354 2384 discessimus.
397 2317 558 2385 Prodicta
579 2319 652 2386 dies
674 2322 784 2389 estin
804 2316 1086 2386 vullareis
1128 2318 1190 2383 In-

128 2426 224 2490 terim
243 2427 380 2492 reiectis
401 2425 631 2513 legationibus
649 2427 684 2494 in
700 2426 799 2515 Idus,
820 2424 1031 2493 referebatur
1047 2423 1090 2491 de
1105 2443 1189 2510 pro-

125 2532 246 2597 vinciis
276 2537 491 2618 quaestorum
519 2538 554 2601 et
584 2533 626 2601 de
655 2533 815 2601 ornandis
842 2530 1065 2618 praetoribus.
1117 2528 1189 2598 Sed

192 2763 220 2825 s.
252 2778 273 2812 r.
313 2759 453 2834 superiora
476 2742 494 2827 i.
516 2773 539 2811 c.
562 2758 640 2829 prius
679 2767 746 2812 tunc
767 2766 836 2812 acta.
856 2789 890 2802 -
913 2757 1111 2834 ’legacionem‘
1139 2760 1190 2806 ¹¹20

125 2837 218 2875 mense
233 2820 389 2900 Februario
406 2840 434 2874 m
452 2833 549 2876 senatu
569 2797 762 2878 audiebantur.
796 2843 819 2876 v.
840 2821 875 2876 ad
893 2820 946 2874 drr.
968 2825 1043 2890 μή,
1064 2843 1084 2874 ι.
1104 2839 1111 2872 r
1133 2832 1189 2901 quc

124 2885 187 2960 lege
204 2887 320 2942 Gabrnis
339 2897 464 2941 sanctum
484 2898 551 2965 erat.
587 2908 611 2942 v.
627 2889 697 2942 inira
718 2889 801 2956 13‚3.
820 2921 853 2931 -
885 2905 928 2939 res
948 2903 984 2940 sc.
1003 2885 1190 2941 Alexandrina

125 2970 148 3071 i·
163 2954 247 3026 regia.
261 2985 295 2996 -
328 2955 393 3006 Milo
409 2952 487 3070 afficit
501 2972 528 3007 rn
542 2955 619 3020 foro,
637 2955 694 3010 aP.
709 2954 807 3009 Clodio
825 2951 905 3008 aedili
920 2951 993 3007 dcvi
1010 2951 1085 3070 aprjd
1101 2970 1190 3024 popu·

197 3022 1004 3166 saluu-r..l¹:c.2..i.s‚¹‘rtr.lsullam
1019 3031 1189 3167 sauss:

124 3183 157 3194 -
205 3193 211 3205 ,
224 3155 390 3232 ⁸lilarcellus,
406 3169 455 3223 qur
468 3168 539 3232 anno
554 3154 604 3224 7⁰3
618 3155 714 3209 consul
728 3154 782 3209 furt
797 3172 860 3206 curn
874 3154 935 3208 Ser.
951 3154 1076 3232 Sulpicio
1093 3161 1121 3204 ct
1134 3166 1188 3230 pro

125 3232 185 3288 quo
199 3218 340 3272 Crcsroms
357 3228 444 3272 exstat
460 3229 556 3272 orabo.
592 3223 762 3274 Praenomsn
780 3221 816 3277 Μ,
831 3220 914 3293 vulgo
931 3237 1071 3285 omissum,
1085 3249 1119 3260 -
1152 3217 1189 3268 du·

124 3286 166 3399 ,icit
183 3300 237 3398 pso
254 3286 367 3364 Milone.
385 3317 416 3327 -
444 3285 667 3368 ‚l’rodictu'drbm
694 3302 750 3365 qus
771 3286 882 3340 Milonis
903 3302 984 3339 causa
1006 3281 1079 3355 apud
1101 3298 1188 3362 popu·

126 3350 1189 3483 ababli?illalfsbtlll.¹dilituitlibrislilbris

125 3493 181 3550 pro
197 3480 270 3552 vulg.
283 3483 421 3549 prodacta.
435 3513 467 3525 -
504 3485 572 3538 Vlll.
588 3485 625 3539 ld.
640 3486 715 3540 Febr.
749 3483 820 3538 Alii:
836 3484 882 3538 IV.
896 3485 933 3538 ld.
948 3485 1022 3534 Febr.
1051 3482 1086 3534 V.
1101 3481 1189 3535 Oroll.

124 3560 233 3597 excurs.
251 3563 276 3616 p.
284 3546 380 3625 adt.-
412 3551 613 3617 Interim,intor
628 3553 671 3606 lV
687 3566 773 3603 nonas
790 3550 896 3604 etVIIl
910 3549 984 3602 Idus.
1003 3578 1036 3589 -—
1062 3546 1189 3616 refereba-

118 3622 172 3662 tur
189 3611 379 3666 sconsulrbus
395 3613 424 3666 in
440 3627 544 3670 senatu.
559 3644 592 3660 -—
625 3618 656 3668 dc
665 3618 810 3685 proor'ner'r's
825 3616 1000 3687 quaestoriis,
1019 3622 1049 3666 ut
1062 3623 1188 3686 quaesto·

124 3692 172 3730 res
188 3678 251 3729 anni
269 3678 420 3748 superioris
436 3682 591 3752 provincias
610 3683 788 3736 sortirentur.
802 3716 834 3726 -
869 3681 899 3732 de
918 3680 1044 3731 ornandis
1055 3683 1182 3749 praetori
1186 3710 1189 3718 ·

126 3743 181 3796 bur.
216 3743 329 3797 Schiltc.
348 3753 464 3799 auctore
482 3749 609 3801 Mamurio
635 3747 725 3802 dedit:
755 3749 785 3799 de
807 3747 933 3800 ornandis
949 3748 1092 3814 praetoriis
1111 3754 1189 3864 (liro-

127 3808 243 3875 vinciis).
275 3814 314 3865 At
332 3810 381 3864 illo
401 3812 482 3864 modo
499 3812 526 3865 in
542 3830 585 3884 ep.
605 3815 639 3866 ad
651 3819 706 3868 Art.
723 3814 754 3879 3,
768 3818 800 3881 4,
820 3839 840 3868 ι.
858 3813 977 3885 legitur:
995 3812 1025 3863 de
1038 3830 1118 3864 consa
1130 3813 1188 3865 ebor
1278 3825 1286 3842 ·

126 3878 260 3931 ornandos.
291 3878 428 3944 Ceterum
440 3892 537 3930 ornare
547 3883 713 3947 provinciam
728 3888 768 3948 (r.
783 3878 816 3932 ad
832 3881 889 3932 Ait.
899 3878 930 3944 3,
946 3881 992 3945 nd,
1010 3895 1033 3931 a.
1050 3882 1082 3946 4,
1105 3878 1142 3947 ι8,
1157 3882 1187 3946 a)

125 3951 168 3994 est
183 3942 347 4012 praefinire,
370 3960 453 4014 quern
475 3945 625 3998 exercitum
645 3961 786 4016 quemque
802 3943 945 4016 pecuniam
964 3962 996 3997 cx
1015 3945 1123 3999 aerario
1141 3944 1187 3996 da

125 4015 192 4073 tam,
212 4018 279 4130 {¹3⁰⁸
297 4010 403 4082 legatos
417 4028 471 4065 cer.
485 4027 598 4081 presses
614 4011 771 4082 provincias
793 4011 916 4065 haberet.
952 4013 1011 4065 Hoc
1032 4012 1135 4066 SCturn
1152 4008 1187 4061 dc

127 4087 215 4126 ornan
236 4091 257 4127 rs
277 4076 426 4146 provinciis
442 4076 548 4131 nonnisi
565 4090 627 4146 post
647 4076 772 4134 decretas
793 4078 820 4131 in
838 4078 952 4133 comitiis
968 4077 1125 4150 provincias
1141 4074 1186 4127 fic·
