2768 4866
24 1060 106 1131 xu.
120 1006 176 1128 ae.

189 228 240 301 24
335 232 371 295 tl.
393 231 423 292 T.
445 224 629 292 CICERONIS
651 221 803 288 aristot.
823 224 872 286 Ab
894 224 926 296 0.
946 222 1125 285 multum

191 422 280 491 Asia
308 419 460 507 cogitet,
490 414 614 481 nnllam
642 431 662 478 a
689 428 729 478 se
756 427 866 497 neque
892 408 972 479 belli
994 410 1137 478 externi
1159 431 1266 501 neque

193 525 451 595 domesticarum
470 517 713 587 discordiarum
735 517 958 584 calamitatem
981 518 1156 585 afuturam
1183 518 1266 585 fnis-

194 653 252 719 se,
273 631 303 696 st
323 630 388 696 hoc
407 625 545 714 imperio
567 644 634 690 non
652 626 837 690 teneretur.
890 621 931 689 ld
951 626 1066 690 autem
1090 623 1265 711 imperinm

193 759 293 828 quum
312 736 449 804 retineri
469 734 543 801 sine
565 728 793 818 vectigalibus
814 728 905 796 nullo
928 729 1026 796 modo
1048 733 1186 819 possit,
1210 750 1267 799 ac·

194 865 259 935 quo
287 844 397 912 animo
426 845 525 929 parte
552 840 664 925 aliqua
690 858 825 905 suorum
857 836 1022 904 imctuum
1049 856 1178 924 pacem
1209 840 1266 906 sibi

193 952 432 1039 sempiternam
451 947 593 1014 redimat
615 950 716 1033 atque
739 947 850 1012 otium.

280 1056 379 1142 Quod
400 1056 430 1122 si
451 1072 562 1142 genus
584 1053 692 1140 ipsum
713 1057 750 1118 ct
770 1069 890 1117 nomen
912 1050 1082 1137 publicani
1108 1073 1183 1120 non
1204 1056 1266 1121 ini-

194 1184 259 1252 quo
282 1163 393 1230 animo
420 1158 655 1245 sustinebunt,
688 1160 847 1244 poterunt
875 1156 916 1222 iis
943 1155 1086 1222 consilio
1118 1169 1158 1226 et
1187 1181 1266 1247 pru·

195 1269 312 1336 dentis
332 1271 391 1332 tua
411 1265 537 1352 reliqua
558 1263 665 1330 videri
686 1262 826 1329 mitiora.
867 1261 1017 1327 Possunt
1037 1261 1072 1327 in
1094 1266 1269 1350 pactioni-

197 1375 260 1441 bus
280 1371 443 1440 iaciendis
463 1392 529 1437 non
552 1371 666 1459 legem
686 1373 844 1456 spectare
872 1370 1081 1459 censoriam,
1112 1372 1185 1438 scd
1207 1391 1268 1460 po‘

196 1485 265 1550 tius
289 1481 555 1549 commoditatem
578 1477 778 1547 conficiendi
809 1478 939 1565 negotii
968 1481 1003 1546 et
1031 1476 1269 1546 liberationem

197 1591 383 1660 molestiae.
435 1591 541 1656 Potes
569 1589 668 1654 etiam
696 1591 731 1652 tu
754 1582 786 1649 id
808 1585 942 1673 facere,
972 1583 1060 1671 quod
1089 1590 1127 1652 et
1159 1587 1272 1656 fecisti

197 1699 345 1787 egregie
364 1702 400 1764 et
419 1693 527 1782 facis,
551 1699 588 1759 ut
604 1709 860 1776 commemores,
882 1696 1007 1777 quanta
1028 1692 1073 1758 sit
1096 1693 1133 1759 in
1157 1695 1271 1783 publi-

194 1806 293 1871 canis
320 1801 490 1889 dignitas,
520 1802 678 1883 quantnm
707 1816 770 1864 nos
791 1797 840 1864 illi
866 1798 974 1865 ordini
995 1798 1208 1890 debeamus,
1240 1808 1272 1868 nt

196 1911 326 1978 remoto
348 1906 486 1993 imperio
514 1922 555 1970 ae
582 1906 617 1970 vi
646 1906 827 1991 potestatis
848 1909 883 1970 et
903 1903 1044 1971 fascium
1065 1906 1272 1992 publicanos

197 2034 272 2082 eum
292 2012 435 2080 Graecis
456 2013 570 2099 gratia
590 2015 692 2098 atque
714 2011 917 2077 anctoritate
939 2011 1144 2098 coniungas.
1198 2014 1269 2083 Sed

199 2127 235 2187 et
261 2121 304 2186 ab
330 2120 392 2208 iis,
424 2117 467 2186 de
497 2117 615 2205 quibus
644 2120 768 2204 optime
796 2122 832 2184 tu
854 2119 990 2185 meritus
1012 2136 1051 2183 es
1074 2126 1110 2186 et
1133 2121 1189 2208 qul
1209 2121 1267 2186 tibl

200 2228 310 2293 omnia
338 2207 486 2315 debent,
516 2225 582 2292 hoc
606 2233 725 2313 petas,
753 2229 791 2292 ut
817 2225 981 2294 facilitate
1009 2244 1071 2291 sua
1101 2245 1161 2294 nos
1188 2244 1261 2291 cam

200 2331 502 2419 necessitudinem„
534 2350 620 2420 quae
646 2335 701 2398 est
721 2333 819 2399 nobis
840 2351 913 2399 eum
934 2332 1148 2420 publicanis,
1179 2331 1266 2399 obti-

149 2505 157 2524 ‚
201 2459 282 2509 nero
303 2446 338 2508 et
359 2457 563 2508 conservare
584 2440 763 2526 patiantur.
816 2438 887 2506 Sed
915 2437 992 2525 quid
1020 2457 1089 2526 ego
1120 2445 1156 2506 te
1186 2441 1269 2506 hace

201 2546 335 2638 hortor,
357 2563 442 2633 quae
463 2549 499 2610 tu
520 2563 588 2617 non
610 2543 708 2619 modo
730 2544 843 2611 facere
860 2549 959 2639 potes
976 2551 1033 2611 tua
1051 2549 1178 2637 sponte
1196 2546 1270 2619 sine

268 2765 294 2828 S.
311 2757 353 2880 δὲ
386 2776 477 2828 pacem
494 2759 546 2810 ridi
558 2759 706 2826 serapiam.
723 2765 802 2830 utque
818 2757 910 2807 etrum.
945 2752 1086 2809 Wieland.
1100 2751 1137 2805 ed
1154 2754 1212 2811 inl.
1228 2752 1270 2806 ad-

203 2835 296 2894 notat,
345 2841 484 2880 iseronem
502 2823 587 2878 rideri
606 2839 666 2877 esse
682 2823 817 2889 oblitum,
841 2830 911 2893 quot
931 2822 1002 2876 mele
1018 2821 1046 2874 in
1065 2820 1143 2874 bello
1162 2821 1269 2875 Mithri·

102 2942 104 2946 ,
204 2892 295 2946 datico
309 2891 415 2944 Asianis
421 2898 520 2961 {esseut
534 2889 710 2963 perferenda.

270 2981 330 3038 x11.
349 2989 375 3062 s
393 2981 433 3036 35.
468 2982 635 3053 r·eliquo„ut
650 2980 820 3055 vectigalium
835 2981 947 3035 exactio.
961 3012 995 3027 ·-
1028 2979 1142 3033 Possunt
1157 2980 1270 3050 provin·

204 3049 302 3114 cialee,
317 3047 419 3103 Arreni.
434 3076 468 3090 -
502 3046 584 3115 legem
597 3064 635 3116 sp.
652 3050 805 3107 censoriam.
842 3049 899 3103 Lex
915 3045 1040 3101 censoria
1057 3046 1082 3098 b.
1099 3046 1119 3098 1.
1135 3057 1179 3100 est
1198 3047 1268 3100 edic·

204 3127 265 3171 tum
287 3129 451 3177 censorum,
475 3129 533 3184 quo
556 3111 697 3184 vectigalia
714 3113 896 3181 locabantur,
924 3123 951 3167 et
974 3129 1019 3167 res
1040 3108 1270 3184 conditionesque

204 3181 374 3242 locationum
399 3179 596 3250 publicarum,
621 3191 705 3251 etque
730 3177 853 3251 exigendi
880 3180 952 3234 ratio
970 3178 1204 3252 proponebatur,
1237 3195 1269 3231 ne

205 3250 391 3307 conductores
408 3245 489 3299 nimia
509 3244 658 3300 acerbitate
677 3255 704 3298 et
719 3245 832 3299 avaritie
851 3246 938 3300 socios
955 3243 1115 3318 perderent.
1153 3264 1181 3299 v.
1198 3245 1271 3300 Gell.

208 3319 252 3385 ιὸ,
273 3337 310 3371 ιι.
337 3313 466 3368 Heinecc.
478 3310 582 3384 antiqq.
596 3330 624 3382 p.
638 3311 678 3381 37.
711 3310 814 3366 Sensus
829 3312 883 3365 loci
899 3322 957 3367 est:
974 3313 1067 3391 Quum
1078 3310 1125 3363 lox
1142 3311 1269 3365 censoria

152 3424 155 3429 -
206 3385 346 3438 sociorum
360 3379 552 3458 potiusquam
564 3379 776 3448 publicanorum
791 3378 940 3431 commodis
955 3378 1128 3441 consuleret,
1145 3376 1269 3450 indeque

208 3466 241 3505 ex
259 3452 309 3503 bac
325 3449 387 3520 lege
411 3447 439 3499 iu
454 3462 529 3516 ipsos
545 3445 682 3516 iniquiore
693 3442 840 3565 gublicani
859 3461 921 3496 cum
943 3444 1047 3499 Asianis
1067 3441 1213 3514 pactiones
1233 3446 1270 3496 ta·

208 3531 271 3572 sere
286 3515 409 3573 nollent·
427 3521 562 3585 possunt,
584 3512 673 3582 inquit
717 3510 809 3579 icero,
835 3510 1018 3580 provinciales
1036 3509 1074 3562 ita
1092 3525 1156 3560 cum
1178 3509 1269 3582 publi.

208 3579 283 3635 cenis
301 3579 334 3631 de
350 3551 450 3646 modo,
473 3576 507 3630 de
524 3593 571 3638 re,
587 3575 621 3629 de
637 3587 764 3647 tempore
782 3576 921 3647 pactiones
937 3577 1046 3642 facere,
1068 3584 1100 3629 ut
1117 3592 1175 3628 non
1194 3592 1270 3649 spec-

208 3657 269 3706 tent
281 3643 459 3713 couditioncr‚
474 3659 546 3716 quae
562 3644 588 3697 in
603 3642 738 3697 locatione
748 3641 920 3715 vectigalium
936 3641 1125 3697 acensoribus
1139 3643 1270 3708 restricto

210 3723 236 3767 et
249 3710 359 3764 definite
373 3721 437 3767 sunt
452 3710 656 3783 praescriptae,
671 3707 720 3762 scd
734 3718 766 3761 ut
781 3708 919 3780 negotium
933 3708 1040 3765 facilius
1054 3717 1082 3761 et
1097 3707 1270 3763 commodius

209 3776 356 3832 conficiant
373 3787 400 3831 et
412 3776 569 3838 liberentur
584 3776 728 3845 molestie,
753 3791 837 3856 quom
855 3776 969 3848 capiunt
984 3792 1018 3828 cx
1035 3791 1086 3839 eo,
1111 3775 1191 3844 quod
1211 3777 1270 3829 fere

210 3841 333 3916 quotidie
350 3844 529 3915 appellantur
543 3855 628 3915 atque
646 3839 784 3916 exigendus
801 3842 982 3917 vectigalibus
997 3849 1155 3912 urgentur.
1179 3842 1274 3895 usuris

210 3908 412 3964 exhauriuntur
429 3920 481 3964 etc.
498 3941 531 3952 -
563 3912 611 3964 boc
625 3921 702 3979 pctus
724 3907 802 3980 quasi
821 3906 956 3962 mercedis
976 3907 1048 3960 loco.
1066 3935 1099 3946 -
1128 3908 1272 3975 facilitate

211 3994 260 4031 eun
275 3991 341 4048 erge
353 3974 525 4047 publicanos,
540 3993 595 4030 non
608 3975 737 4030 acerbius
748 3986 798 4030 eut
809 3974 972 4028 obstinatius
983 3981 1081 4026 contra
1093 3988 1141 4028 eos
1155 3973 1273 4047 egendo.

277 4072 302 4136 §e
319 4064 362 4122 36.
395 4076 420 4117 te
432 4065 494 4116 iaec
510 4067 613 4120 bortor.
649 4067 690 4119 De
706 4063 809 4138 duplici
826 4070 920 4121 decus.
935 4081 958 4114 v.
972 4063 1083 4118 Ramsb.
1094 4069 1118 4132 ς.
1135 4064 1191 4120 ι3ι.
1207 4084 1234 4121 ιι.
1250 4082 1273 4120 a.
