2768 4866
538 239 599 299 LIB.
622 240 639 296 Ι.
682 237 731 298 ΕΡ.
755 238 773 295 Ι.
1147 237 1190 301 15

128 423 367 509 decreverant,
397 418 516 486 eodem
538 419 622 505 ipsis
642 419 786 506 privatis
808 425 883 487 erat
902 421 974 485 iure
993 419 1187 507 parendum.

128 528 224 595 Haeo
244 528 334 593 illius
355 527 524 593 severitas
542 527 665 593 acerba
680 524 875 615 videretur,
896 527 964 593 nisi
976 528 1090 594 multis
1105 545 1189 593 eon-

128 633 283 700 dimentis
299 633 516 700 humanitatis
532 633 755 719 mitigaretur.
800 632 898 716 Quod
919 635 950 699 si
966 635 1050 702 hoec
1065 634 1190 701 lenitas
1230 621 1287 692 22·

126 745 232 828 grato
253 741 381 806 Romae
403 742 476 825 est,
508 738 565 802 ubi
586 740 680 805 tanta
702 741 902 828 arrogantia
928 746 1000 831 est,
1029 745 1097 808 tarn
1125 744 1190 807 irn-

126 847 301 915 moderata
321 846 480 934 libertas,
503 849 571 911 tam
587 845 715 912 infinita
730 847 896 913 hominurn
912 848 1068 937 licentia,
1091 848 1189 914 deni·

126 974 193 1041 qne
221 959 273 1020 tot
293 954 533 1042 magistratuS,
563 957 614 1019 tot
635 954 777 1043 auxdia,
804 959 903 1020 tanta
928 956 982 1020 vis
1012 952 1189 1046 [populi],

127 1067 223 1128 tanta
243 1066 382 1126 senatus
404 1062 610 1129 auctoritas:
642 1079 739 1146 quam
766 1061 910 1127 iucunde
930 1061 1066 1128 tandem
1086 1080 1190 1148 pree-

129 1170 212 1235 toris
234 1174 371 1235 comitas
391 1170 425 1234 in
445 1170 531 1234 Asia
550 1170 668 1254 potest
688 1160 787 1232 esse!
816 1167 852 1231 in
873 1185 940 1253 qua
960 1170 1056 1232 tanta
1076 1166 1190 1231 multi-

129 1273 209 1340 tudo
232 1273 370 1362 civium,
399 1276 493 1339 tanta
514 1273 697 1359 sociorum,
724 1278 777 1338 tot
804 1274 925 1360 urbeS,
957 1278 1007 1341 tot
1034 1274 1190 1339 civitates

128 1382 225 1447 unius
254 1381 394 1447 hominis
421 1384 536 1445 nutum
564 1382 754 1467 intuentur,
792 1379 849 1444 ubi
878 1380 1003 1445 nullum
1033 1379 1191 1446 auxilinm

127 1491 200 1577 est,
233 1488 327 1552 nulia
355 1486 572 1572 conquestio,
604 1486 716 1551 nullus
745 1490 911 1574 senatus,
942 1487 1035 1553 nulla
1062 1488 1189 1553 concio.

127 1592 241 1676 Quare
263 1612 363 1679 quum
382 1594 559 1678 permagni
584 1593 725 1659 hominis
753 1595 808 1660 est
835 1598 870 1659 et
897 1612 996 1678 quum
1022 1594 1097 1677 ipsa
1123 1611 1190 1658 na-

127 1704 205 1765 tura
224 1698 406 1788 moderati,
439 1702 507 1764 tum
528 1717 609 1766 vero
631 1702 731 1765 etiem
751 1699 904 1766 doctrina
924 1703 1025 1785 atque
1048 1699 1190 1784 optime-

129 1823 201 1870 rum
222 1789 481 1872 artiumstudiis
503 1805 623 1872 eruditi
643 1807 693 1872 sio
713 1823 752 1870 se
774 1804 934 1870 adbibere
954 1806 988 1868 in
1010 1807 1106 1869 tanta
1124 1821 1190 1889 po-

128 1915 275 1994 testate,
297 1916 342 1978 xnt
362 1912 454 1979 nulla
475 1912 543 1979 alia
562 1916 719 2000 potestas
739 1912 780 1978 ab
802 1913 866 1996 iia,
897 1910 1014 1998 quibus
1035 1911 1064 1976 is
1086 1928 1190 1997 pree-

125 2018 188 2101 sit,
211 2017 433 2086 desideretur.

129 2203 216 2254 eodem
235 2205 250 2254 i.
267 2218 311 2272 pr.
325 2214 385 2253 erut
399 2220 456 2254 rure
472 2203 631 2272 parendum,
664 2203 776 2258 decreta
793 2220 890 2256 eorum
908 2202 1039 2270 injuriosa
1056 2200 1084 2254 in
1100 2200 1190 2272 ipsos,

129 2269 269 2340 privatos,
287 2268 412 2322 adhiberi
428 2279 512 2340 atque
527 2270 651 2323 exerceri
665 2286 797 2324 recusare
816 2287 872 2322 non
888 2278 1024 2340 poterant.
1039 2300 1073 2312 -
1106 2268 1191 2320 eondi-

130 2337 223 2386 mentis
238 2336 343 2389 human.
359 2334 375 2388 i.
393 2350 416 2389 e.
434 2334 574 2403 comitate,
591 2337 667 2390 suavi
683 2348 710 2392 et
722 2338 841 2390 bumana
856 2334 952 2407 agendi
971 2333 1085 2388 ratione.
1114 2351 1138 2387 v.
1156 2333 1190 2385 de

125 2402 173 2455 illa
192 2418 258 2456 voce
275 2403 331 2458 Cic.
346 2398 380 2455 de
398 2403 474 2457 amic.
493 2402 531 2460 18.

196 2503 221 2563 s.
243 2512 284 2551 aa.
326 2496 437 2556 lenitur,
461 2511 576 2563 eorum,
605 2495 653 2567 qui
676 2495 865 2567 magistratum
885 2493 914 2546 iu
938 2494 1008 2547 urbe
1031 2499 1140 2563 gerunt.
1157 2517 1191 2531 ·-

129 2571 207 2612 tauto
228 2565 408 2629 arrogantia,
431 2559 563 2615 adversus
576 2562 765 2633 magistratus,
782 2561 809 2613 in
824 2577 879 2632 qua
898 2560 995 2613 lenitas
1012 2561 1054 2612 vix
1069 2554 1191 2631 agnosci·

128 2636 185 2680 tur.
206 2658 238 2668 -
271 2640 327 2680 tom
345 2629 449 2682 immod.
469 2628 578 2679 libertus
596 2627 754 2699 appellandi
776 2627 907 2680 maiorem
925 2627 1112 2697 magistratum
1128 2639 1191 2674 con·

128 2702 173 2746 tra
186 2693 334 2759 minorem,
351 2696 466 2765 ejusque
482 2694 593 2747 iniurias
607 2705 634 2747 et
646 2694 833 2747 acerbitatem.
843 2727 875 2738 -
909 2694 1033 2751 licentur,
1051 2704 1110 2760 qua·
1122 2688 1190 2740 mul-

129 2769 189 2811 tum
205 2770 300 2813 eontra
313 2761 355 2812 iua
371 2771 399 2813 et
414 2763 579 2831 aequitatem
594 2759 696 2813 audere
714 2760 767 2812 illis
782 2759 853 2813 lieet.
872 2792 905 2803 -
939 2760 1134 2823 urugzerrutus,
1152 2753 1191 2832 in·

129 2824 224 2895 primia
240 2825 344 2878 tribuni
360 2825 465 2897 plebia,
483 2843 604 2898 quorum
619 2827 747 2878 auxilinm
764 2825 913 2896 implorant
929 2822 1056 2875 acerbius
1075 2829 1191 2873 tractatu.

130 2921 164 2932 -
181 2892 281 2941 currilia
295 2892 364 2960 juria
377 2911 398 2949 a.
413 2894 546 2965 legitima,
562 2909 633 2963 qnae
647 2891 814 2965 litigantibus
827 2903 923 2944 eontra
937 2887 1097 2942 sententiam
1110 2901 1191 2955 prae·

129 2957 196 3010 toria
219 2967 379 3027 suppetunt.
395 2991 426 3001 -
467 2971 544 3010 tauto
562 2962 601 3011 uir
619 2959 740 3031 [popule]
773 2957 809 3014 V.
824 2958 920 3026 populi
938 2956 1096 3009 coniectura
1123 2953 1191 3005 inse·

127 3023 185 3077 ruit
202 3023 328 3091 Ernest,
346 3041 429 3094 quem
445 3035 555 3079 secutus
579 3036 620 3078 eat
642 3024 773 3089 Sobora,
797 3035 830 3076 ut
847 3025 914 3076 baec
940 3022 1024 3075 verba
1050 3021 1087 3072 sie
1109 3035 1189 3089 seqq.

127 3089 203 3141 uultu
223 3093 351 3162 concio-o
374 3101 553 3162 ponerentur.
595 3093 633 3145 At
657 3108 723 3144 vero
768 3090 844 3162 epuli
866 3090 906 3142 vis
925 3089 976 3141 iam
996 3101 1125 3204 expresse
1149 3093 1190 3136 est

128 3175 172 3212 vv.
191 3167 246 3206 tam
265 3159 343 3208 zbrmo
364 3199 369 3210 .
386 3159 488 3219 tetur,
506 3168 533 3211 et
548 3175 634 3229 quum
653 3177 694 3210 vv.
709 3109 784 3208 uuiiu
798 3159 889 3211 concio
904 3165 966 3227 post
980 3155 1028 3204 nul
1039 3170 1070 3202 us
1083 3162 1190 3201 senatur

127 3231 279 3274 extremum
295 3224 386 3276 locum
402 3233 528 3291 teneant,
545 3233 674 3276 accurata
688 3223 878 3276 membrorum
891 3220 1029 3293 oppositio
1043 3218 1190 3269 observata

127 3303 184 3339 non
200 3303 260 3339 esse
275 3288 400 3357 videtur,
418 3299 446 3342 et
464 3301 541 3341 tanta
555 3294 595 3341 uis
611 3284 699 3360 aeque'
719 3306 750 3341 ao
767 3302 844 3340 tanto
862 3289 1012 3340 auctoritas
1029 3281 1064 3335 ad
1080 3301 1103 3334 v.
1118 3293 1190 3330 senn-

128 3363 173 3402 rus
187 3353 334 3420 pertinent.
349 3389 382 3399 -
415 3358 547 3417 ciuitates,
564 3372 636 3426 qnae
649 3365 726 3407 antea
741 3355 856 3418 liberae,
871 3355 926 3408 suis
937 3351 1043 3423 legibus
1055 3362 1120 3399 usae
1132 3346 1189 3397 fue-

128 3426 200 3474 rant,
216 3447 249 3458 -
274 3420 376 3475 nullum
390 3423 532 3483 anartium,
546 3423 622 3474 nulla
636 3421 796 3474 intercessio
812 3420 989 3474 tribunorum
1005 3416 1040 3484 pl.
1057 3411 1189 3465 adversus

127 3490 297 3554 praetorem.
315 3516 348 3529 -
381 3488 456 3539 nulla
472 3492 620 3558 conquestio
636 3487 670 3539 de
688 3487 861 3559 magistratu,
888 3485 922 3537 de
938 3477 1064 3554 praeside
1079 3479 1190 3549 provin·

127 3548 186 3601 eiae
201 3547 276 3618 apud
290 3550 420 3605 maiorem
435 3553 638 3627 magistratum,
656 3552 689 3605 ad
705 3571 788 3624 quem
803 3552 944 3624 appellans
961 3546 1021 3617 quis
1039 3546 1189 3617 confugere

126 3613 223 3688 possit.
267 3615 409 3669 Manutius
430 3628 521 3672 tamen
548 3616 743 3692 corrigendum
767 3617 926 3690 proposuit:
955 3615 1090 3695 quaestio,
1116 3626 1188 3682 qnae

127 3680 283 3752 pertineret
300 3681 333 3734 ad
352 3681 466 3750 indicia,
490 3695 587 3739 eontra
602 3686 809 3758 magistratuum
830 3682 941 3737 iniurias
957 3698 985 3734 rn
1004 3676 1076 3731 urbe
1094 3677 1188 3748 impio·

127 3757 205 3814 rata3
234 3745 309 3800 unde
330 3747 430 3818 triplex
451 3750 579 3803 auxilium
600 3751 691 3805 foret:
720 3752 836 3812 iudicio,
861 3760 987 3809 senatur,
1008 3744 1131 3814 populus.
1154 3774 1188 3785 -

127 3814 219 3866 nullus
233 3827 358 3877 renatus,
374 3815 450 3866 uultu
464 3819 570 3878 concio,
586 3816 601 3868 i.
616 3833 639 3868 e.
655 3817 761 3869 nullum
777 3817 906 3871 auxilium
924 3822 1064 3874 asenam,
1081 3810 1188 3862 nullum

129 3895 146 3932 e
161 3881 266 3951 populo
281 3898 331 3951 per
346 3880 506 3934 concionem
520 3882 554 3933 im
576 3882 704 3940 loretum,
714 3915 748 3926 -
772 3901 799 3933 re
816 3883 934 3932 adbibere
948 3906 980 3928 =
995 3895 1023 3932 se
1032 3892 1189 3998 perere.-

129 3946 204 3997 nullo
221 3946 258 4002 al.
272 3959 392 4017 potestus
409 3947 511 4016 maior,
537 3903 574 4002 ari
589 3964 672 4018 quam
689 3957 786 4002 eontra
807 3945 918 4003 decreta
943 3945 1030 4018 praesi
1051 3947 1071 3998 is
1094 3941 1187 3994 confu-

128 4012 210 4084 giant.
228 4044 263 4091 .—
296 4016 319 4064 r'r
330 4017 443 4096 praesit.
462 4017 588 4098 Ernest,
602 4030 686 4088 quem
701 4016 828 4089 sequitur
841 4020 971 4093 Subita,
988 4023 1094 4098 absque
1107 4020 1187 4077 codd.

126 4087 292 4132 auctoritate
308 4079 383 4135 dedu
399 4099 454 4151 epse
466 4095 578 4152 praeut.
