<?xml version="1.0" encoding="UTF-8"?>
<!DOCTYPE html PUBLIC "-//W3C//DTD XHTML 1.0 Transitional//EN"
    "http://www.w3.org/TR/xhtml1/DTD/xhtml1-transitional.dtd">
<html xmlns="http://www.w3.org/1999/xhtml" xml:lang="en" lang="en">
 <head>
  <title>
</title>
<meta http-equiv="Content-Type" content="text/html;charset=utf-8" />
  <meta name='ocr-system' content='tesseract 3.04.00' />
  <meta name='ocr-capabilities' content='ocr_page ocr_carea ocr_par ocr_line ocrx_word'/>
</head>
<body>
  <div class='ocr_page' id='page_1' title='image "./mtulliiciceroni36cicegoog_0171.png"; bbox 0 0 2768 4866; ppageno 0'>
   <div class='ocr_carea' id='block_1_1' title="bbox 459 259 1123 329">
    <p class='ocr_par' dir='ltr' id='par_1_1' title="bbox 459 259 1123 329">
     <span class='ocr_line' id='line_1_1' title="bbox 459 259 1123 329; baseline -0.023 0"><span class='ocrx_word' id='word_1_1' title='bbox 459 271 521 329; x_wconf 78' lang='grc' dir='ltr'><strong>ΗΒ.</strong></span> <span class='ocrx_word' id='word_1_2' title='bbox 543 266 584 327; x_wconf 81' lang='lat' dir='ltr'><strong>bt.</strong></span> <span class='ocrx_word' id='word_1_3' title='bbox 619 267 669 326; x_wconf 79' lang='lat' dir='ltr'><strong>ut.</strong></span> <span class='ocrx_word' id='word_1_4' title='bbox 691 266 734 325; x_wconf 84' lang='lat' dir='ltr'><strong>tx.</strong></span> <span class='ocrx_word' id='word_1_5' title='bbox 1049 259 1123 324; x_wconf 61' lang='lat'><strong>453</strong></span> 
     </span>
    </p>
   </div>
   <div class='ocr_carea' id='block_1_2' title="bbox 255 448 871 534">
    <p class='ocr_par' dir='ltr' id='par_1_2' title="bbox 255 448 871 534">
     <span class='ocr_line' id='line_1_2' title="bbox 255 448 871 534; baseline -0.018 -16"><span class='ocrx_word' id='word_1_6' title='bbox 255 458 291 517; x_wconf 90' lang='grc' dir='ltr'><strong>Ὁ</strong></span> <span class='ocrx_word' id='word_1_7' title='bbox 315 454 351 514; x_wconf 75' lang='grc' dir='ltr'><strong>δὲ</strong></span> <span class='ocrx_word' id='word_1_8' title='bbox 376 453 537 534; x_wconf 70' lang='grc' dir='ltr'><strong>μαίνεται</strong></span> <span class='ocrx_word' id='word_1_9' title='bbox 558 451 618 511; x_wconf 66' lang='grc' dir='ltr'><strong>οὐκ</strong></span> <span class='ocrx_word' id='word_1_10' title='bbox 642 451 687 511; x_wconf 71' lang='lat' dir='ltr'><strong>ic&#39;</strong></span> <span class='ocrx_word' id='word_1_11' title='bbox 710 448 871 517; x_wconf 72' lang='grc' dir='ltr'><strong>ἀνικτός·</strong></span> 
     </span>
    </p>
   </div>
   <div class='ocr_carea' id='block_1_3' title="bbox 57 553 1203 1920">
    <p class='ocr_par' dir='ltr' id='par_1_3' title="bbox 57 553 1203 1920">
     <span class='ocr_line' id='line_1_3' title="bbox 57 553 1122 658; baseline -0.019 -22"><span class='ocrx_word' id='word_1_12' title='bbox 57 571 115 658; x_wconf 86' lang='lat' dir='ltr'><strong>qui</strong></span> <span class='ocrx_word' id='word_1_13' title='bbox 134 565 232 639; x_wconf 85' lang='lat' dir='ltr'><strong>ludos</strong></span> <span class='ocrx_word' id='word_1_14' title='bbox 254 561 317 631; x_wconf 86' lang='lat' dir='ltr'><strong>HS</strong></span> <span class='ocrx_word' id='word_1_15' title='bbox 339 582 370 626; x_wconf 80' lang='lat' dir='ltr'><strong>u.</strong></span> <span class='ocrx_word' id='word_1_16' title='bbox 393 564 578 645; x_wconf 83' lang='lat' dir='ltr'><strong>comparet.</strong></span> <span class='ocrx_word' id='word_1_17' title='bbox 620 553 726 623; x_wconf 79' lang='lat' dir='ltr'><strong>corus</strong></span> <span class='ocrx_word' id='word_1_18' title='bbox 747 555 781 620; x_wconf 91' lang='lat' dir='ltr'><strong>in</strong></span> <span class='ocrx_word' id='word_1_19' title='bbox 802 553 864 620; x_wconf 82' lang='lat' dir='ltr'><strong>boe</strong></span> <span class='ocrx_word' id='word_1_20' title='bbox 886 572 951 618; x_wconf 89' lang='lat' dir='ltr'><strong>uno</strong></span> <span class='ocrx_word' id='word_1_21' title='bbox 971 554 1122 620; x_wconf 83' lang='lat' dir='ltr'><strong>inconsi-</strong></span> 
     </span>
     <span class='ocr_line' id='line_1_4' title="bbox 57 663 1125 751; baseline -0.011 -13"><span class='ocrx_word' id='word_1_22' title='bbox 57 670 246 743; x_wconf 78' lang='lat' dir='ltr'><strong>derantiam</strong></span> <span class='ocrx_word' id='word_1_23' title='bbox 267 673 302 733; x_wconf 88' lang='lat' dir='ltr'><strong>ct</strong></span> <span class='ocrx_word' id='word_1_24' title='bbox 320 683 390 751; x_wconf 77' lang='lat' dir='ltr'><strong>ego</strong></span> <span class='ocrx_word' id='word_1_25' title='bbox 412 663 607 750; x_wconf 79' lang='lat' dir='ltr'><strong>sustinebo,</strong></span> <span class='ocrx_word' id='word_1_26' title='bbox 638 665 674 726; x_wconf 90' lang='lat' dir='ltr'><strong>ut</strong></span> <span class='ocrx_word' id='word_1_27' title='bbox 694 666 832 746; x_wconf 90' lang='lat' dir='ltr'><strong>potero,</strong></span> <span class='ocrx_word' id='word_1_28' title='bbox 864 663 899 724; x_wconf 87' lang='lat' dir='ltr'><strong>et</strong></span> <span class='ocrx_word' id='word_1_29' title='bbox 924 663 963 722; x_wconf 88' lang='lat' dir='ltr'><strong>tu</strong></span> <span class='ocrx_word' id='word_1_30' title='bbox 983 663 1020 724; x_wconf 93' lang='lat' dir='ltr'><strong>nt</strong></span> <span class='ocrx_word' id='word_1_31' title='bbox 1039 674 1125 744; x_wconf 73' lang='lat' dir='ltr'><strong>pos.-</strong></span> 
     </span>
     <span class='ocr_line' id='line_1_5' title="bbox 60 764 1203 868; baseline -0.014 -23"><span class='ocrx_word' id='word_1_32' title='bbox 60 781 128 868; x_wconf 86' lang='lat' dir='ltr'><strong>sis,</strong></span> <span class='ocrx_word' id='word_1_33' title='bbox 151 779 206 842; x_wconf 84' lang='lat' dir='ltr'><strong>eet</strong></span> <span class='ocrx_word' id='word_1_34' title='bbox 227 778 357 839; x_wconf 88' lang='lat' dir='ltr'><strong>tuorum</strong></span> <span class='ocrx_word' id='word_1_35' title='bbox 374 788 564 838; x_wconf 86' lang='lat' dir='ltr'><strong>nervorum.</strong></span> <span class='ocrx_word' id='word_1_36' title='bbox 607 766 661 833; x_wconf 83' lang='lat' dir='ltr'><strong>De</strong></span> <span class='ocrx_word' id='word_1_37' title='bbox 675 769 769 832; x_wconf 88' lang='lat' dir='ltr'><strong>motu</strong></span> <span class='ocrx_word' id='word_1_38' title='bbox 786 768 971 851; x_wconf 86' lang='lat' dir='ltr'><strong>temporum</strong></span> <span class='ocrx_word' id='word_1_39' title='bbox 985 765 1128 831; x_wconf 87' lang='lat' dir='ltr'><strong>venien·</strong></span> <span class='ocrx_word' id='word_1_40' title='bbox 1169 764 1203 833; x_wconf 79' lang='grc'><strong>3.</strong></span> 
     </span>
     <span class='ocr_line' id='line_1_6' title="bbox 60 870 1168 964; baseline -0.017 -13"><span class='ocrx_word' id='word_1_41' title='bbox 60 885 106 951; x_wconf 84' lang='lat' dir='ltr'><strong>tis</strong></span> <span class='ocrx_word' id='word_1_42' title='bbox 126 881 226 964; x_wconf 84' lang='lat' dir='ltr'><strong>anni,</strong></span> <span class='ocrx_word' id='word_1_43' title='bbox 254 878 337 945; x_wconf 88' lang='lat' dir='ltr'><strong>nihil</strong></span> <span class='ocrx_word' id='word_1_44' title='bbox 351 883 402 944; x_wconf 83' lang='lat' dir='ltr'><strong>&#39;te</strong></span> <span class='ocrx_word' id='word_1_45' title='bbox 422 877 616 964; x_wconf 80' lang='lat' dir='ltr'><strong>intelligere</strong></span> <span class='ocrx_word' id='word_1_46' title='bbox 636 873 812 941; x_wconf 84' lang='lat' dir='ltr'><strong>volueram</strong></span> <span class='ocrx_word' id='word_1_47' title='bbox 831 871 1005 939; x_wconf 80' lang='lat' dir='ltr'><strong>domestici</strong></span> <span class='ocrx_word' id='word_1_48' title='bbox 1025 870 1128 935; x_wconf 82' lang='lat' dir='ltr'><strong>timo·</strong></span> <span class='ocrx_word' id='word_1_49' title='bbox 1165 948 1168 959; x_wconf 29' lang='grc' dir='ltr'>Ι</span> 
     </span>
     <span class='ocr_line' id='line_1_7' title="bbox 59 976 1129 1074; baseline -0.016 -16"><span class='ocrx_word' id='word_1_50' title='bbox 59 992 130 1074; x_wconf 87' lang='lat' dir='ltr'><strong>ris,</strong></span> <span class='ocrx_word' id='word_1_51' title='bbox 161 987 225 1056; x_wconf 89' lang='lat' dir='ltr'><strong>sed</strong></span> <span class='ocrx_word' id='word_1_52' title='bbox 245 985 289 1053; x_wconf 83' lang='lat' dir='ltr'><strong>de</strong></span> <span class='ocrx_word' id='word_1_53' title='bbox 308 985 475 1052; x_wconf 87' lang='lat' dir='ltr'><strong>communi·</strong></span> <span class='ocrx_word' id='word_1_54' title='bbox 489 985 542 1053; x_wconf 86' lang='lat' dir='ltr'><strong>rei</strong></span> <span class='ocrx_word' id='word_1_55' title='bbox 561 982 717 1071; x_wconf 85' lang='lat' dir='ltr'><strong>publicae</strong></span> <span class='ocrx_word' id='word_1_56' title='bbox 738 984 852 1047; x_wconf 85' lang='lat' dir='ltr'><strong>statu:</strong></span> <span class='ocrx_word' id='word_1_57' title='bbox 885 980 920 1046; x_wconf 90' lang='lat' dir='ltr'><strong>in</strong></span> <span class='ocrx_word' id='word_1_58' title='bbox 940 995 1006 1064; x_wconf 88' lang='lat' dir='ltr'><strong>quo</strong></span> <span class='ocrx_word' id='word_1_59' title='bbox 1027 976 1129 1042; x_wconf 77' lang='lat' dir='ltr'><strong>etiam</strong></span> 
     </span>
     <span class='ocr_line' id='line_1_8' title="bbox 60 1083 1129 1181; baseline -0.009 -19"><span class='ocrx_word' id='word_1_60' title='bbox 60 1098 92 1163; x_wconf 89' lang='lat' dir='ltr'><strong>si</strong></span> <span class='ocrx_word' id='word_1_61' title='bbox 111 1095 195 1161; x_wconf 87' lang='lat' dir='ltr'>nihil</span> <span class='ocrx_word' id='word_1_62' title='bbox 209 1111 376 1181; x_wconf 86' lang='lat' dir='ltr'><strong>procuro,</strong></span> <span class='ocrx_word' id='word_1_63' title='bbox 397 1097 510 1158; x_wconf 91' lang='lat' dir='ltr'><strong>tamen</strong></span> <span class='ocrx_word' id='word_1_64' title='bbox 524 1090 607 1155; x_wconf 84' lang='lat' dir='ltr'>nihil</span> <span class='ocrx_word' id='word_1_65' title='bbox 620 1107 742 1156; x_wconf 88' lang='lat' dir='ltr'><strong>curare</strong></span> <span class='ocrx_word' id='word_1_66' title='bbox 755 1089 815 1154; x_wconf 85' lang='lat' dir='ltr'><strong>vix</strong></span> <span class='ocrx_word' id='word_1_67' title='bbox 828 1105 978 1174; x_wconf 84' lang='lat' dir='ltr'><strong>possum.</strong></span> <span class='ocrx_word' id='word_1_68' title='bbox 1022 1083 1129 1166; x_wconf 79' lang='lat' dir='ltr'><strong>Quam</strong></span> 
     </span>
     <span class='ocr_line' id='line_1_9' title="bbox 60 1193 1129 1280; baseline -0.012 -12"><span class='ocrx_word' id='word_1_69' title='bbox 60 1206 180 1268; x_wconf 87' lang='lat' dir='ltr'><strong>autem</strong></span> <span class='ocrx_word' id='word_1_70' title='bbox 195 1204 232 1265; x_wconf 91' lang='lat' dir='ltr'><strong>te</strong></span> <span class='ocrx_word' id='word_1_71' title='bbox 252 1199 352 1266; x_wconf 86' lang='lat' dir='ltr'><strong>velim</strong></span> <span class='ocrx_word' id='word_1_72' title='bbox 373 1201 508 1265; x_wconf 87' lang='lat' dir='ltr'><strong>cautum</strong></span> <span class='ocrx_word' id='word_1_73' title='bbox 529 1213 609 1263; x_wconf 80' lang='lat' dir='ltr'><strong>esse</strong></span> <span class='ocrx_word' id='word_1_74' title='bbox 630 1194 884 1280; x_wconf 72' lang='lat' dir='ltr'><strong>inscribendo,</strong></span> <span class='ocrx_word' id='word_1_75' title='bbox 907 1212 951 1259; x_wconf 85' lang='lat' dir='ltr'><strong>ex</strong></span> <span class='ocrx_word' id='word_1_76' title='bbox 965 1193 1029 1260; x_wconf 89' lang='lat' dir='ltr'><strong>boe</strong></span> <span class='ocrx_word' id='word_1_77' title='bbox 1043 1209 1129 1259; x_wconf 91' lang='lat' dir='ltr'><strong>con-</strong></span> 
     </span>
     <span class='ocr_line' id='line_1_10' title="bbox 60 1297 1131 1395; baseline -0.009 -22"><span class='ocrx_word' id='word_1_78' title='bbox 60 1307 174 1395; x_wconf 91' lang='lat' dir='ltr'><strong>iicito,</strong></span> <span class='ocrx_word' id='word_1_79' title='bbox 202 1305 291 1392; x_wconf 83' lang='lat' dir='ltr'><strong>quod</strong></span> <span class='ocrx_word' id='word_1_80' title='bbox 318 1323 386 1391; x_wconf 83' lang='lat' dir='ltr'><strong>ego</strong></span> <span class='ocrx_word' id='word_1_81' title='bbox 413 1301 456 1369; x_wconf 87' lang='lat' dir='ltr'><strong>ud</strong></span> <span class='ocrx_word' id='word_1_82' title='bbox 487 1305 522 1368; x_wconf 88' lang='lat' dir='ltr'><strong>te</strong></span> <span class='ocrx_word' id='word_1_83' title='bbox 543 1319 588 1367; x_wconf 91' lang='lat' dir='ltr'><strong>ne</strong></span> <span class='ocrx_word' id='word_1_84' title='bbox 618 1297 703 1365; x_wconf 89' lang='lat' dir='ltr'><strong>baec</strong></span> <span class='ocrx_word' id='word_1_85' title='bbox 725 1298 870 1384; x_wconf 50' lang='lat' dir='ltr'><strong>quidem,</strong></span> <span class='ocrx_word' id='word_1_86' title='bbox 883 1299 1012 1386; x_wconf 87' lang='lat' dir='ltr'><strong>scribo,</strong></span> <span class='ocrx_word' id='word_1_87' title='bbox 1043 1314 1131 1384; x_wconf 85' lang='lat' dir='ltr'><strong>quae</strong></span> 
     </span>
     <span class='ocr_line' id='line_1_11' title="bbox 62 1405 1130 1502; baseline -0.01 -22"><span class='ocrx_word' id='word_1_88' title='bbox 62 1414 174 1502; x_wconf 80' lang='lat' dir='ltr'><strong>palum</strong></span> <span class='ocrx_word' id='word_1_89' title='bbox 193 1414 229 1479; x_wconf 89' lang='lat' dir='ltr'><strong>in</strong></span> <span class='ocrx_word' id='word_1_90' title='bbox 249 1431 288 1479; x_wconf 92' lang='lat' dir='ltr'><strong>rc</strong></span> <span class='ocrx_word' id='word_1_91' title='bbox 308 1409 443 1498; x_wconf 87' lang='lat' dir='ltr'><strong>publicu</strong></span> <span class='ocrx_word' id='word_1_92' title='bbox 470 1406 667 1495; x_wconf 74' lang='lat' dir='ltr'><strong>turbantur,</strong></span> <span class='ocrx_word' id='word_1_93' title='bbox 696 1423 740 1471; x_wconf 88' lang='lat' dir='ltr'><strong>ne</strong></span> <span class='ocrx_word' id='word_1_94' title='bbox 767 1406 962 1491; x_wconf 86' lang='lat' dir='ltr'><strong>cuiusquam</strong></span> <span class='ocrx_word' id='word_1_95' title='bbox 986 1405 1130 1470; x_wconf 86' lang='lat' dir='ltr'><strong>animum</strong></span> 
     </span>
     <span class='ocr_line' id='line_1_12' title="bbox 62 1508 1131 1598; baseline -0.011 -12"><span class='ocrx_word' id='word_1_96' title='bbox 62 1538 159 1587; x_wconf 91' lang='lat' dir='ltr'><strong>meae</strong></span> <span class='ocrx_word' id='word_1_97' title='bbox 179 1519 300 1584; x_wconf 88' lang='lat' dir='ltr'><strong>literae</strong></span> <span class='ocrx_word' id='word_1_98' title='bbox 327 1515 540 1598; x_wconf 83' lang='lat' dir='ltr'><strong>interceptae</strong></span> <span class='ocrx_word' id='word_1_99' title='bbox 569 1511 748 1578; x_wconf 83' lang='lat' dir='ltr'><strong>offendant.</strong></span> <span class='ocrx_word' id='word_1_100' title='bbox 803 1510 916 1593; x_wconf 80' lang='lat' dir='ltr'><strong>Quare</strong></span> <span class='ocrx_word' id='word_1_101' title='bbox 945 1508 1131 1575; x_wconf 87' lang='lat' dir='ltr'><strong>domestica</strong></span> 
     </span>
     <span class='ocr_line' id='line_1_13' title="bbox 64 1615 1130 1705; baseline -0.01 -13"><span class='ocrx_word' id='word_1_102' title='bbox 64 1643 147 1692; x_wconf 87' lang='lat' dir='ltr'><strong>curu</strong></span> <span class='ocrx_word' id='word_1_103' title='bbox 166 1627 201 1690; x_wconf 89' lang='lat' dir='ltr'><strong>te</strong></span> <span class='ocrx_word' id='word_1_104' title='bbox 221 1621 370 1687; x_wconf 90' lang='lat' dir='ltr'><strong>levatum</strong></span> <span class='ocrx_word' id='word_1_105' title='bbox 392 1619 492 1685; x_wconf 81' lang='lat' dir='ltr'><strong>velot</strong></span> <span class='ocrx_word' id='word_1_106' title='bbox 514 1620 547 1684; x_wconf 91' lang='lat' dir='ltr'><strong>in</strong></span> <span class='ocrx_word' id='word_1_107' title='bbox 570 1637 608 1685; x_wconf 92' lang='lat' dir='ltr'><strong>re</strong></span> <span class='ocrx_word' id='word_1_108' title='bbox 629 1618 764 1705; x_wconf 87' lang='lat' dir='ltr'><strong>publiea</strong></span> <span class='ocrx_word' id='word_1_109' title='bbox 784 1617 857 1682; x_wconf 88' lang='lat' dir='ltr'><strong>scio</strong></span> <span class='ocrx_word' id='word_1_110' title='bbox 879 1634 978 1701; x_wconf 87' lang='lat' dir='ltr'><strong>quam</strong></span> <span class='ocrx_word' id='word_1_111' title='bbox 998 1615 1130 1704; x_wconf 81' lang='lat' dir='ltr'><strong>soltici-</strong></span> 
     </span>
     <span class='ocr_line' id='line_1_14' title="bbox 67 1718 1130 1807; baseline -0.007 -15"><span class='ocrx_word' id='word_1_112' title='bbox 67 1735 122 1794; x_wconf 85' lang='lat' dir='ltr'><strong>tus</strong></span> <span class='ocrx_word' id='word_1_113' title='bbox 143 1741 223 1794; x_wconf 84' lang='lat' dir='ltr'><strong>esse</strong></span> <span class='ocrx_word' id='word_1_114' title='bbox 243 1725 368 1792; x_wconf 84' lang='lat' dir='ltr'><strong>soleas.</strong></span> <span class='ocrx_word' id='word_1_115' title='bbox 419 1722 529 1803; x_wconf 82' lang='lat' dir='ltr'><strong>Video</strong></span> <span class='ocrx_word' id='word_1_116' title='bbox 556 1723 742 1792; x_wconf 76' lang='lat' dir='ltr'><strong>Messalam</strong></span> <span class='ocrx_word' id='word_1_117' title='bbox 767 1726 917 1789; x_wconf 85' lang='lat' dir='ltr'><strong>nostrum</strong></span> <span class='ocrx_word' id='word_1_118' title='bbox 939 1718 1130 1807; x_wconf 85' lang='lat' dir='ltr'><strong>consulem,</strong></span> 
     </span>
     <span class='ocr_line' id='line_1_15' title="bbox 64 1825 1136 1920; baseline -0.007 -20"><span class='ocrx_word' id='word_1_119' title='bbox 64 1836 94 1900; x_wconf 88' lang='lat' dir='ltr'><strong>si</strong></span> <span class='ocrx_word' id='word_1_120' title='bbox 116 1853 178 1920; x_wconf 82' lang='lat' dir='ltr'><strong>per</strong></span> <span class='ocrx_word' id='word_1_121' title='bbox 198 1834 427 1920; x_wconf 76' lang='lat' dir='ltr'><strong>interregem,</strong></span> <span class='ocrx_word' id='word_1_122' title='bbox 448 1832 524 1897; x_wconf 81' lang='lat' dir='ltr'><strong>sine</strong></span> <span class='ocrx_word' id='word_1_123' title='bbox 541 1829 682 1896; x_wconf 74' lang='lat' dir='ltr'><strong>iudicine</strong></span> <span class='ocrx_word' id='word_1_124' title='bbox 703 1829 735 1894; x_wconf 85' lang='lat' dir='ltr'><strong>si</strong></span> <span class='ocrx_word' id='word_1_125' title='bbox 753 1845 817 1917; x_wconf 85' lang='lat' dir='ltr'><strong>per</strong></span> <span class='ocrx_word' id='word_1_126' title='bbox 834 1825 1051 1917; x_wconf 87' lang='lat' dir='ltr'><strong>dictatorern,</strong></span> <span class='ocrx_word' id='word_1_127' title='bbox 1072 1830 1136 1907; x_wconf 45' lang='lat' dir='ltr'><strong>tan,</strong></span> 
     </span>
    </p>
   </div>
   <div class='ocr_carea' id='block_1_4' title="bbox 61 2050 1237 3445">
    <p class='ocr_par' dir='ltr' id='par_1_4' title="bbox 63 2050 1174 2196">
     <span class='ocr_line' id='line_1_16' title="bbox 64 2050 1130 2132; baseline -0.004 -20"><span class='ocrx_word' id='word_1_128' title='bbox 64 2063 186 2132; x_wconf 75' lang='lat' dir='ltr'><strong>»ltaque</strong></span> <span class='ocrx_word' id='word_1_129' title='bbox 207 2070 235 2113; x_wconf 88' lang='lat' dir='ltr'><strong>et</strong></span> <span class='ocrx_word' id='word_1_130' title='bbox 254 2059 344 2130; x_wconf 83' lang='lat' dir='ltr'><strong>ipsum</strong></span> <span class='ocrx_word' id='word_1_131' title='bbox 364 2057 496 2111; x_wconf 84' lang='lat' dir='ltr'><strong>Milouem</strong></span> <span class='ocrx_word' id='word_1_132' title='bbox 518 2055 565 2110; x_wconf 83' lang='lat' dir='ltr'><strong>HS</strong></span> <span class='ocrx_word' id='word_1_133' title='bbox 591 2055 765 2126; x_wconf 74' lang='lat' dir='ltr'><strong>reptnavinta</strong></span> <span class='ocrx_word' id='word_1_134' title='bbox 787 2052 871 2108; x_wconf 83' lang='lat' dir='ltr'><strong>miliia</strong></span> <span class='ocrx_word' id='word_1_135' title='bbox 891 2053 963 2109; x_wconf 81' lang='lat' dir='ltr'><strong>aerio</strong></span> <span class='ocrx_word' id='word_1_136' title='bbox 985 2051 1065 2113; x_wconf 79' lang='lat' dir='ltr'><strong>abaci</strong></span> <span class='ocrx_word' id='word_1_137' title='bbox 1084 2050 1130 2108; x_wconf 77' lang='lat' dir='ltr'><strong>ue·</strong></span> 
     </span>
     <span class='ocr_line' id='line_1_17' title="bbox 63 2095 1174 2196; baseline -0.005 -17"><span class='ocrx_word' id='word_1_138' title='bbox 63 2127 156 2180; x_wconf 68' lang='lat' dir='ltr'><strong>eursu</strong></span> <span class='ocrx_word' id='word_1_139' title='bbox 173 2127 245 2179; x_wconf 66' lang='lat' dir='ltr'><strong>rerer</strong></span> <span class='ocrx_word' id='word_1_140' title='bbox 263 2123 388 2196; x_wconf 75' lang='lat' dir='ltr'><strong>prodigia</strong></span> <span class='ocrx_word' id='word_1_141' title='bbox 408 2123 518 2175; x_wconf 73' lang='lat' dir='ltr'><strong>cuman</strong></span> <span class='ocrx_word' id='word_1_142' title='bbox 537 2120 617 2174; x_wconf 69' lang='lat' dir='ltr'><strong>antur</strong></span> <span class='ocrx_word' id='word_1_143' title='bbox 641 2095 763 2176; x_wconf 65' lang='lat' dir='ltr'><strong>turio«</strong></span> <span class='ocrx_word' id='word_1_144' title='bbox 780 2151 812 2162; x_wconf 89' lang='lat'><em>-</em></span> <span class='ocrx_word' id='word_1_145' title='bbox 854 2119 869 2173; x_wconf 80' lang='lat'><strong>0·</strong></span> <span class='ocrx_word' id='word_1_146' title='bbox 892 2121 920 2173; x_wconf 78' lang='lat' dir='ltr'><strong>st</strong></span> <span class='ocrx_word' id='word_1_147' title='bbox 939 2120 1056 2193; x_wconf 51' lang='lat' dir='ltr'><strong>,aarum</strong></span> <span class='ocrx_word' id='word_1_148' title='bbox 1076 2121 1130 2174; x_wconf 62' lang='lat' dir='ltr'><strong>ot„</strong></span> <span class='ocrx_word' id='word_1_149' title='bbox 1171 2156 1174 2163; x_wconf 60' lang='grc'><em>,</em></span> 
     </span>
    </p>

    <p class='ocr_par' dir='ltr' id='par_1_5' title="bbox 61 2185 1131 2721">
     <span class='ocr_line' id='line_1_18' title="bbox 61 2185 1130 2261; baseline -0.004 -15"><span class='ocrx_word' id='word_1_150' title='bbox 61 2193 96 2246; x_wconf 69' lang='grc' dir='ltr'><strong>’ἐτ’</strong></span> <span class='ocrx_word' id='word_1_151' title='bbox 115 2196 227 2254; x_wconf 72' lang='grc' dir='ltr'><strong><em>ἀνεκτῶς</em></strong></span> <span class='ocrx_word' id='word_1_152' title='bbox 236 2216 268 2239; x_wconf 89' lang='lat'>=</span> <span class='ocrx_word' id='word_1_153' title='bbox 281 2190 323 2243; x_wconf 89' lang='lat' dir='ltr'><strong>hic</strong></span> <span class='ocrx_word' id='word_1_154' title='bbox 341 2199 432 2241; x_wconf 84' lang='lat' dir='ltr'><strong>nutem</strong></span> <span class='ocrx_word' id='word_1_155' title='bbox 444 2188 482 2242; x_wconf 81' lang='lat' dir='ltr'><strong>sic</strong></span> <span class='ocrx_word' id='word_1_156' title='bbox 493 2187 600 2252; x_wconf 78' lang='lat' dir='ltr'><strong>insanit,</strong></span> <span class='ocrx_word' id='word_1_157' title='bbox 614 2198 646 2240; x_wconf 92' lang='lat' dir='ltr'><strong>ut</strong></span> <span class='ocrx_word' id='word_1_158' title='bbox 656 2187 726 2243; x_wconf 87' lang='lat' dir='ltr'><strong>serri</strong></span> <span class='ocrx_word' id='word_1_159' title='bbox 740 2185 859 2257; x_wconf 81' lang='lat' dir='ltr'><strong>amplius</strong></span> <span class='ocrx_word' id='word_1_160' title='bbox 874 2205 930 2241; x_wconf 91' lang='lat' dir='ltr'><strong>non</strong></span> <span class='ocrx_word' id='word_1_161' title='bbox 941 2186 1035 2261; x_wconf 85' lang='lat' dir='ltr'><strong>possit.</strong></span> <span class='ocrx_word' id='word_1_162' title='bbox 1054 2186 1130 2242; x_wconf 82' lang='lat' dir='ltr'><strong>Finis</strong></span> 
     </span>
     <span class='ocr_line' id='line_1_19' title="bbox 64 2253 1130 2337; baseline -0.004 -27"><span class='ocrx_word' id='word_1_163' title='bbox 64 2257 218 2311; x_wconf 82' lang='lat' dir='ltr'><strong>hexametri</strong></span> <span class='ocrx_word' id='word_1_164' title='bbox 230 2273 263 2308; x_wconf 82' lang='lat' dir='ltr'><strong>cx</strong></span> <span class='ocrx_word' id='word_1_165' title='bbox 280 2257 392 2308; x_wconf 75' lang='lat' dir='ltr'><strong>Iteruer.</strong></span> <span class='ocrx_word' id='word_1_166' title='bbox 408 2254 505 2324; x_wconf 79' lang='lat' dir='ltr'><strong>Odyes.</strong></span> <span class='ocrx_word' id='word_1_167' title='bbox 524 2269 556 2322; x_wconf 82' lang='lat'><strong>9,</strong></span> <span class='ocrx_word' id='word_1_168' title='bbox 571 2254 634 2321; x_wconf 77' lang='lat'><strong>350,</strong></span> <span class='ocrx_word' id='word_1_169' title='bbox 659 2253 707 2304; x_wconf 90' lang='lat' dir='ltr'><strong>nbi</strong></span> <span class='ocrx_word' id='word_1_170' title='bbox 728 2253 804 2337; x_wconf 59' lang='lat' dir='ltr'><strong>quod</strong></span> <span class='ocrx_word' id='word_1_171' title='bbox 820 2253 970 2323; x_wconf 83' lang='lat' dir='ltr'><strong>UlysaeeC</strong></span> <span class='ocrx_word' id='word_1_172' title='bbox 990 2253 1064 2324; x_wconf 87' lang='lat' dir='ltr'><strong>ciopi</strong></span> <span class='ocrx_word' id='word_1_173' title='bbox 1081 2253 1130 2307; x_wconf 85' lang='lat' dir='ltr'><strong>Po·</strong></span> 
     </span>
     <span class='ocr_line' id='line_1_20' title="bbox 62 2318 1129 2395; baseline -0.003 -19"><span class='ocrx_word' id='word_1_174' title='bbox 62 2325 193 2395; x_wconf 80' lang='lat' dir='ltr'><strong>lypberuo</strong></span> <span class='ocrx_word' id='word_1_175' title='bbox 217 2320 299 2374; x_wconf 85' lang='lat' dir='ltr'><strong>dicit:</strong></span> <span class='ocrx_word' id='word_1_176' title='bbox 323 2319 354 2372; x_wconf 80' lang='lat' dir='ltr'><strong>eri</strong></span> <span class='ocrx_word' id='word_1_177' title='bbox 375 2321 401 2371; x_wconf 75' lang='lat' dir='ltr'><strong>ii</strong></span> <span class='ocrx_word' id='word_1_178' title='bbox 417 2329 516 2386; x_wconf 70' lang='grc' dir='ltr'><strong>μαίνεαι</strong></span> <span class='ocrx_word' id='word_1_179' title='bbox 532 2322 580 2371; x_wconf 81' lang='grc' dir='ltr'><strong>ου’κ</strong></span> <span class='ocrx_word' id='word_1_180' title='bbox 598 2319 633 2371; x_wconf 68' lang='grc' dir='ltr'><strong>ἔτ’</strong></span> <span class='ocrx_word' id='word_1_181' title='bbox 649 2318 777 2385; x_wconf 60' lang='lat' dir='ltr'><strong>desuetae,</strong></span> <span class='ocrx_word' id='word_1_182' title='bbox 802 2319 901 2381; x_wconf 79' lang='lat' dir='ltr'><strong>Cicero</strong></span> <span class='ocrx_word' id='word_1_183' title='bbox 920 2337 953 2392; x_wconf 85' lang='lat' dir='ltr'><strong>pa</strong></span> <span class='ocrx_word' id='word_1_184' title='bbox 988 2318 1064 2372; x_wconf 86' lang='lat' dir='ltr'><strong>nium</strong></span> <span class='ocrx_word' id='word_1_185' title='bbox 1082 2318 1129 2373; x_wconf 88' lang='lat' dir='ltr'><strong>im·</strong></span> 
     </span>
     <span class='ocr_line' id='line_1_21' title="bbox 62 2384 1129 2453; baseline -0.003 -11"><span class='ocrx_word' id='word_1_186' title='bbox 62 2400 197 2443; x_wconf 77' lang='lat' dir='ltr'><strong>mutatum</strong></span> <span class='ocrx_word' id='word_1_187' title='bbox 214 2387 257 2439; x_wconf 87' lang='lat' dir='ltr'><strong>hic</strong></span> <span class='ocrx_word' id='word_1_188' title='bbox 272 2385 306 2439; x_wconf 85' lang='lat' dir='ltr'><strong>de</strong></span> <span class='ocrx_word' id='word_1_189' title='bbox 315 2385 419 2439; x_wconf 84' lang='lat' dir='ltr'><strong>Milone</strong></span> <span class='ocrx_word' id='word_1_190' title='bbox 437 2384 556 2438; x_wconf 82' lang='lat' dir='ltr'><strong>adhibet.</strong></span> <span class='ocrx_word' id='word_1_191' title='bbox 575 2389 610 2440; x_wconf 87' lang='lat' dir='ltr'><strong>V.</strong></span> <span class='ocrx_word' id='word_1_192' title='bbox 625 2385 891 2453; x_wconf 41' lang='lat' dir='ltr'><strong>fmtoectnr‚,.ut,lat.</strong></span> <span class='ocrx_word' id='word_1_193' title='bbox 904 2387 1030 2448; x_wconf 78' lang='lat' dir='ltr'><strong>r&#39;nrunire,</strong></span> <span class='ocrx_word' id='word_1_194' title='bbox 1045 2385 1079 2438; x_wconf 88' lang='lat' dir='ltr'><strong>de</strong></span> <span class='ocrx_word' id='word_1_195' title='bbox 1095 2402 1129 2453; x_wconf 85' lang='lat' dir='ltr'><strong>eo</strong></span> 
     </span>
     <span class='ocr_line' id='line_1_22' title="bbox 65 2440 1130 2525; baseline -0.001 -18"><span class='ocrx_word' id='word_1_196' title='bbox 65 2471 179 2525; x_wconf 87' lang='lat' dir='ltr'><strong>quoque</strong></span> <span class='ocrx_word' id='word_1_197' title='bbox 190 2452 298 2518; x_wconf 84' lang='lat' dir='ltr'><strong>dicitnr,</strong></span> <span class='ocrx_word' id='word_1_198' title='bbox 311 2449 388 2525; x_wconf 85' lang='lat' dir='ltr'><strong>quod</strong></span> <span class='ocrx_word' id='word_1_199' title='bbox 404 2451 514 2504; x_wconf 86' lang='lat' dir='ltr'><strong>modum</strong></span> <span class='ocrx_word' id='word_1_200' title='bbox 529 2461 644 2522; x_wconf 85' lang='lat' dir='ltr'><strong>superat</strong></span> <span class='ocrx_word' id='word_1_201' title='bbox 650 2469 659 2517; x_wconf 82' lang='lat'><em>3</em></span> <span class='ocrx_word' id='word_1_202' title='bbox 671 2450 707 2502; x_wconf 87' lang='lat' dir='ltr'><strong>ita</strong></span> <span class='ocrx_word' id='word_1_203' title='bbox 719 2443 801 2519; x_wconf 60' lang='lat' dir='ltr'><strong>obern</strong></span> <span class='ocrx_word' id='word_1_204' title='bbox 813 2452 921 2503; x_wconf 72' lang='lat' dir='ltr'><strong>insanos</strong></span> <span class='ocrx_word' id='word_1_205' title='bbox 930 2440 965 2505; x_wconf 78' lang='lat' dir='ltr'><strong>ati</strong></span> <span class='ocrx_word' id='word_1_206' title='bbox 988 2450 1078 2505; x_wconf 82' lang='lat' dir='ltr'><strong>nendo</strong></span> <span class='ocrx_word' id='word_1_207' title='bbox 1088 2461 1130 2506; x_wconf 83' lang='lat' dir='ltr'><strong>ert</strong></span> 
     </span>
     <span class='ocr_line' id='line_1_23' title="bbox 62 2515 1129 2583; baseline -0.001 -13"><span class='ocrx_word' id='word_1_208' title='bbox 62 2524 176 2580; x_wconf 69' lang='lat' dir='ltr'><strong>armabo,</strong></span> <span class='ocrx_word' id='word_1_209' title='bbox 194 2525 341 2573; x_wconf 71' lang='lat' dir='ltr'><strong>ztnmeneus.</strong></span> <span class='ocrx_word' id='word_1_210' title='bbox 380 2520 413 2573; x_wconf 88' lang='lat' dir='ltr'><strong>V.</strong></span> <span class='ocrx_word' id='word_1_211' title='bbox 436 2515 533 2571; x_wconf 79' lang='lat' dir='ltr'><strong>fleinn.</strong></span> <span class='ocrx_word' id='word_1_212' title='bbox 555 2515 587 2568; x_wconf 83' lang='lat' dir='ltr'><strong>ad</strong></span> <span class='ocrx_word' id='word_1_213' title='bbox 610 2518 678 2571; x_wconf 85' lang='lat' dir='ltr'><strong>Hor.</strong></span> <span class='ocrx_word' id='word_1_214' title='bbox 696 2524 746 2583; x_wconf 66' lang='lat' dir='ltr'><strong>eati</strong></span> <span class='ocrx_word' id='word_1_215' title='bbox 764 2516 875 2583; x_wconf 73' lang='lat' dir='ltr'><strong>a‚u‚5.</strong></span> <span class='ocrx_word' id='word_1_216' title='bbox 889 2547 938 2583; x_wconf 14' lang='grc' dir='ltr'><strong>1Ῐ--·</strong></span> <span class='ocrx_word' id='word_1_217' title='bbox 997 2518 1073 2570; x_wconf 81' lang='lat' dir='ltr'><strong><em>.S.0.</em></strong></span> <span class='ocrx_word' id='word_1_218' title='bbox 1096 2543 1129 2569; x_wconf 65' lang='grc' dir='ltr'><strong>τε</strong></span> 
     </span>
     <span class='ocr_line' id='line_1_24' title="bbox 65 2579 1130 2649; baseline -0.003 -8"><span class='ocrx_word' id='word_1_219' title='bbox 65 2604 186 2641; x_wconf 80' lang='lat' dir='ltr'><strong>coerceo</strong></span> <span class='ocrx_word' id='word_1_220' title='bbox 210 2600 268 2638; x_wconf 83' lang='lat' dir='ltr'><strong>arva</strong></span> <span class='ocrx_word' id='word_1_221' title='bbox 285 2583 388 2637; x_wconf 83' lang='lat' dir='ltr'><strong>centies</strong></span> <span class='ocrx_word' id='word_1_222' title='bbox 410 2594 525 2637; x_wconf 82' lang='lat' dir='ltr'><strong>centena</strong></span> <span class='ocrx_word' id='word_1_223' title='bbox 545 2582 627 2636; x_wconf 81' lang='lat' dir='ltr'><strong>millia</strong></span> <span class='ocrx_word' id='word_1_224' title='bbox 650 2580 814 2649; x_wconf 71' lang='lat' dir='ltr'><strong>settertibm.</strong></span> <span class='ocrx_word' id='word_1_225' title='bbox 853 2579 903 2636; x_wconf 78' lang='lat' dir='ltr'><strong>Sic.</strong></span> <span class='ocrx_word' id='word_1_226' title='bbox 917 2599 979 2635; x_wconf 88' lang='lat' dir='ltr'><strong>cum</strong></span> <span class='ocrx_word' id='word_1_227' title='bbox 995 2582 1130 2638; x_wconf 83' lang='lat' dir='ltr'><strong>Lambino</strong></span> 
     </span>
     <span class='ocr_line' id='line_1_25' title="bbox 61 2642 1131 2721; baseline -0.005 -17"><span class='ocrx_word' id='word_1_228' title='bbox 61 2649 250 2704; x_wconf 78' lang='lat' dir='ltr'><strong>Schutc.dedit</strong></span> <span class='ocrx_word' id='word_1_229' title='bbox 261 2668 313 2720; x_wconf 83' lang='lat' dir='ltr'><strong>pro</strong></span> <span class='ocrx_word' id='word_1_230' title='bbox 322 2650 395 2721; x_wconf 79' lang='lat' dir='ltr'><strong>vulg.</strong></span> <span class='ocrx_word' id='word_1_231' title='bbox 410 2650 476 2703; x_wconf 87' lang='lat' dir='ltr'><strong>H.S.</strong></span> <span class='ocrx_word' id='word_1_232' title='bbox 486 2668 539 2705; x_wconf 86' lang='lat' dir='ltr'><strong>ecc</strong></span> <span class='ocrx_word' id='word_1_233' title='bbox 548 2649 725 2702; x_wconf 79' lang='lat' dir='ltr'><strong>:tricenties</strong></span> <span class='ocrx_word' id='word_1_234' title='bbox 738 2648 855 2715; x_wconf 42' lang='lat' dir='ltr'><strong>centena,</strong></span> <span class='ocrx_word' id='word_1_235' title='bbox 866 2642 950 2707; x_wconf 78' lang='lat' dir='ltr'><strong>miliia</strong></span> <span class='ocrx_word' id='word_1_236' title='bbox 965 2647 1131 2705; x_wconf 72' lang='lat' dir='ltr'><strong>sestertium.</strong></span> 
     </span>
    </p>

    <p class='ocr_par' dir='ltr' id='par_1_6' title="bbox 62 2712 1237 3230">
     <span class='ocr_line' id='line_1_26' title="bbox 67 2712 1130 2787; baseline 0.001 -20"><span class='ocrx_word' id='word_1_237' title='bbox 67 2719 103 2767; x_wconf 88' lang='lat' dir='ltr'><strong>V.</strong></span> <span class='ocrx_word' id='word_1_238' title='bbox 114 2732 156 2784; x_wconf 86' lang='lat' dir='ltr'><strong>ep.</strong></span> <span class='ocrx_word' id='word_1_239' title='bbox 173 2731 267 2784; x_wconf 85' lang='lat' dir='ltr'><strong>super.</strong></span> <span class='ocrx_word' id='word_1_240' title='bbox 283 2721 306 2783; x_wconf 76' lang='lat' dir='ltr'><strong>s.</strong></span> <span class='ocrx_word' id='word_1_241' title='bbox 320 2716 344 2769; x_wconf 83' lang='lat'><strong>6.</strong></span> <span class='ocrx_word' id='word_1_242' title='bbox 362 2745 396 2758; x_wconf 83' lang='lat'><em>—</em></span> <span class='ocrx_word' id='word_1_243' title='bbox 411 2717 459 2785; x_wconf 75' lang='lat' dir='ltr'><strong>qui</strong></span> <span class='ocrx_word' id='word_1_244' title='bbox 474 2717 488 2767; x_wconf 95' lang='lat' dir='ltr'><strong>i.</strong></span> <span class='ocrx_word' id='word_1_245' title='bbox 500 2732 523 2767; x_wconf 83' lang='lat' dir='ltr'><strong>e.</strong></span> <span class='ocrx_word' id='word_1_246' title='bbox 545 2714 683 2786; x_wconf 17' lang='lat' dir='ltr'><strong>quumvis,</strong></span> <span class='ocrx_word' id='word_1_247' title='bbox 700 2712 805 2785; x_wconf 85' lang='lat' dir='ltr'><strong>quippe</strong></span> <span class='ocrx_word' id='word_1_248' title='bbox 825 2713 879 2787; x_wconf 80' lang='lat' dir='ltr'><strong>qui·</strong></span> <span class='ocrx_word' id='word_1_249' title='bbox 894 2725 1076 2783; x_wconf 80' lang='lat' dir='ltr'><strong>comparet,-</strong></span> <span class='ocrx_word' id='word_1_250' title='bbox 1093 2717 1130 2768; x_wconf 83' lang='lat' dir='ltr'><strong>t’rt·</strong></span> 
     </span>
     <span class='ocr_line' id='line_1_27' title="bbox 64 2771 1237 2848; baseline 0.006 -18"><span class='ocrx_word' id='word_1_251' title='bbox 64 2781 294 2835; x_wconf 66' lang='lat' dir='ltr'><strong>eorrerberanb&#39;em.</strong></span> <span class='ocrx_word' id='word_1_252' title='bbox 328 2781 369 2831; x_wconf 83' lang='lat' dir='ltr'><strong>ltu</strong></span> <span class='ocrx_word' id='word_1_253' title='bbox 394 2779 427 2830; x_wconf 80' lang='lat' dir='ltr'><strong>uo</strong></span> <span class='ocrx_word' id='word_1_254' title='bbox 450 2782 557 2833; x_wconf 75' lang='lat' dir='ltr'><strong>Manui.</strong></span> <span class='ocrx_word' id='word_1_255' title='bbox 583 2776 910 2833; x_wconf 82' lang='lat' dir='ltr'><strong>coniectura-ediderunt</strong></span> <span class='ocrx_word' id='word_1_256' title='bbox 929 2778 1044 2846; x_wconf 56' lang='lat' dir='ltr'><strong>hamb„</strong></span> <span class='ocrx_word' id='word_1_257' title='bbox 1061 2771 1129 2836; x_wconf 77' lang='lat' dir='ltr'><strong>Em.</strong></span> <span class='ocrx_word' id='word_1_258' title='bbox 1234 2842 1237 2848; x_wconf 49' lang='grc'><strong>,</strong></span> 
     </span>
     <span class='ocr_line' id='line_1_28' title="bbox 63 2842 1233 2910; baseline 0.006 -15"><span class='ocrx_word' id='word_1_259' title='bbox 63 2845 175 2909; x_wconf 75' lang='lat' dir='ltr'><strong>Sabura.</strong></span> <span class='ocrx_word' id='word_1_260' title='bbox 196 2847 311 2896; x_wconf 73' lang='lat' dir='ltr'><strong>Lunam.</strong></span> <span class='ocrx_word' id='word_1_261' title='bbox 344 2844 416 2898; x_wconf 84' lang='lat' dir='ltr'><strong>Satis</strong></span> <span class='ocrx_word' id='word_1_262' title='bbox 432 2842 604 2909; x_wconf 80' lang='lat' dir='ltr'><strong>detenditur,</strong></span> <span class='ocrx_word' id='word_1_263' title='bbox 624 2855 654 2898; x_wconf 91' lang='lat' dir='ltr'><strong>ut</strong></span> <span class='ocrx_word' id='word_1_264' title='bbox 668 2844 757 2900; x_wconf 86' lang='lat' dir='ltr'><strong>Orell.</strong></span> <span class='ocrx_word' id='word_1_265' title='bbox 772 2855 882 2910; x_wconf 84' lang='lat' dir='ltr'><strong>monet,</strong></span> <span class='ocrx_word' id='word_1_266' title='bbox 909 2846 975 2903; x_wconf 74' lang='lat' dir='ltr'><strong>tar.</strong></span> <span class='ocrx_word' id='word_1_267' title='bbox 993 2852 1032 2899; x_wconf 71' lang='lat' dir='ltr'><strong>‘ex</strong></span> <span class='ocrx_word' id='word_1_268' title='bbox 1053 2845 1132 2901; x_wconf 82' lang='lat' dir='ltr'><strong>Suet.</strong></span> <span class='ocrx_word' id='word_1_269' title='bbox 1231 2853 1233 2857; x_wconf 87' lang='grc'><strong>’</strong></span> 
     </span>
     <span class='ocr_line' id='line_1_29' title="bbox 64 2909 1131 2981; baseline -0.001 -18"><span class='ocrx_word' id='word_1_270' title='bbox 64 2909 161 2963; x_wconf 75' lang='lat' dir='ltr'><strong>Glauci.</strong></span> <span class='ocrx_word' id='word_1_271' title='bbox 177 2909 218 2978; x_wconf 78' lang='lat'><strong>39.</strong></span> <span class='ocrx_word' id='word_1_272' title='bbox 241 2911 392 2960; x_wconf 82' lang='lat' dir='ltr'><strong>oblivionem</strong></span> <span class='ocrx_word' id='word_1_273' title='bbox 412 2921 439 2960; x_wconf 87' lang='lat' dir='ltr'><strong>et</strong></span> <span class='ocrx_word' id='word_1_274' title='bbox 458 2910 706 2963; x_wconf 74' lang='lat' dir='ltr'><strong>abconsidaruntz&#39;nm</strong></span> <span class='ocrx_word' id='word_1_275' title='bbox 715 2948 726 2972; x_wconf 85' lang='lat'><strong>,</strong></span> <span class='ocrx_word' id='word_1_276' title='bbox 742 2910 785 2962; x_wconf 81' lang='lat' dir='ltr'><strong>uel</strong></span> <span class='ocrx_word' id='word_1_277' title='bbox 800 2922 832 2962; x_wconf 85' lang='lat' dir='ltr'><strong>ut</strong></span> <span class='ocrx_word' id='word_1_278' title='bbox 846 2927 944 2980; x_wconf 77' lang='lat' dir='ltr'><strong>graeca</strong></span> <span class='ocrx_word' id='word_1_279' title='bbox 962 2912 1064 2974; x_wconf 64' lang='lat' dir='ltr'><strong>meam,</strong></span> <span class='ocrx_word' id='word_1_280' title='bbox 1087 2932 1131 2981; x_wconf 70' lang='grc' dir='ltr'><strong>με.</strong></span> 
     </span>
     <span class='ocr_line' id='line_1_30' title="bbox 62 2973 1130 3047; baseline 0.004 -18"><span class='ocrx_word' id='word_1_281' title='bbox 62 2977 167 3046; x_wconf 59' lang='lat' dir='ltr'><strong>eruetur</strong></span> <span class='ocrx_word' id='word_1_282' title='bbox 184 2985 210 3025; x_wconf 86' lang='lat' dir='ltr'><strong>et</strong></span> <span class='ocrx_word' id='word_1_283' title='bbox 226 2977 366 3040; x_wconf 72' lang='grc' dir='ltr'><strong>α’βλιψίαν.</strong></span> <span class='ocrx_word' id='word_1_284' title='bbox 401 2975 429 3029; x_wconf 89' lang='lat' dir='ltr'><strong>Si</strong></span> <span class='ocrx_word' id='word_1_285' title='bbox 446 2985 537 3028; x_wconf 83' lang='lat' dir='ltr'><strong>temen</strong></span> <span class='ocrx_word' id='word_1_286' title='bbox 557 2975 620 3047; x_wconf 82' lang='lat' dir='ltr'><strong>quie</strong></span> <span class='ocrx_word' id='word_1_287' title='bbox 642 2973 764 3043; x_wconf 79' lang='lat' dir='ltr'><strong>dubitor,</strong></span> <span class='ocrx_word' id='word_1_288' title='bbox 781 2992 816 3030; x_wconf 84' lang='lat' dir='ltr'><strong>au</strong></span> <span class='ocrx_word' id='word_1_289' title='bbox 830 2975 883 3029; x_wconf 81' lang='lat' dir='ltr'><strong>iarn</strong></span> <span class='ocrx_word' id='word_1_290' title='bbox 901 2976 1028 3032; x_wconf 80' lang='lat' dir='ltr'><strong>Ciceroni</strong></span> <span class='ocrx_word' id='word_1_291' title='bbox 1044 2977 1130 3033; x_wconf 91' lang='lat' dir='ltr'><strong>tribui</strong></span> 
     </span>
     <span class='ocr_line' id='line_1_31' title="bbox 64 3040 1131 3121; baseline 0.006 -28"><span class='ocrx_word' id='word_1_292' title='bbox 64 3043 152 3121; x_wconf 71' lang='lat' dir='ltr'><strong>possit</strong></span> <span class='ocrx_word' id='word_1_293' title='bbox 170 3040 243 3092; x_wconf 80' lang='lat' dir='ltr'><strong>istud</strong></span> <span class='ocrx_word' id='word_1_294' title='bbox 265 3041 444 3107; x_wconf 82' lang='lat' dir='ltr'><strong>vocabulum,</strong></span> <span class='ocrx_word' id='word_1_295' title='bbox 466 3040 489 3094; x_wconf 84' lang='lat' dir='ltr'><strong>ie</strong></span> <span class='ocrx_word' id='word_1_296' title='bbox 507 3041 662 3097; x_wconf 79' lang='lat' dir='ltr'><strong>arbitretur</strong></span> <span class='ocrx_word' id='word_1_297' title='bbox 682 3056 697 3095; x_wconf 85' lang='lat' dir='ltr'><strong>a</strong></span> <span class='ocrx_word' id='word_1_298' title='bbox 716 3041 798 3115; x_wconf 81' lang='lat' dir='ltr'><strong>gloss.</strong></span> <span class='ocrx_word' id='word_1_299' title='bbox 819 3041 965 3115; x_wconf 79' lang='lat' dir='ltr'><strong>expulsum</strong></span> <span class='ocrx_word' id='word_1_300' title='bbox 982 3058 1041 3098; x_wconf 81' lang='lat' dir='ltr'><strong>esse</strong></span> <span class='ocrx_word' id='word_1_301' title='bbox 1060 3043 1131 3099; x_wconf 85' lang='lat' dir='ltr'><strong>illud</strong></span> 
     </span>
     <span class='ocr_line' id='line_1_32' title="bbox 62 3106 1130 3230; baseline 0.007 -7"><span class='ocrx_word' id='word_1_302' title='bbox 62 3122 300 3223; x_wconf 57' lang='lat' dir='ltr'><strong>iiiibntiiifflm</strong></span> <span class='ocrx_word' id='word_1_303' title='bbox 318 3106 1130 3230; x_wconf 47' lang='lat' dir='ltr'><strong>iiiuiiiiwt‘sswf&#39;ui&#39;imbiiiiiiniimriiiiiiiiriii</strong></span> 
     </span>
    </p>

    <p class='ocr_par' dir='ltr' id='par_1_7' title="bbox 64 3236 1131 3312">
     <span class='ocr_line' id='line_1_33' title="bbox 64 3236 1131 3312; baseline 0.006 -22"><span class='ocrx_word' id='word_1_304' title='bbox 64 3239 117 3301; x_wconf 84' lang='lat' dir='ltr'><strong>bo,</strong></span> <span class='ocrx_word' id='word_1_305' title='bbox 135 3254 196 3289; x_wconf 84' lang='lat' dir='ltr'><strong>nem</strong></span> <span class='ocrx_word' id='word_1_306' title='bbox 251 3238 367 3307; x_wconf 85' lang='lat' dir='ltr'><strong>pecunia</strong></span> <span class='ocrx_word' id='word_1_307' title='bbox 384 3236 537 3292; x_wconf 84' lang='lat' dir='ltr'><strong>credenda:</strong></span> <span class='ocrx_word' id='word_1_308' title='bbox 560 3240 606 3292; x_wconf 85' lang='lat' dir='ltr'><strong>vel</strong></span> <span class='ocrx_word' id='word_1_309' title='bbox 620 3238 816 3303; x_wconf 57' lang='lat' dir='ltr'><strong>inhibebunt</strong></span> <span class='ocrx_word' id='word_1_310' title='bbox 833 3241 902 3295; x_wconf 73' lang='lat' dir='ltr'><strong>binio</strong></span> <span class='ocrx_word' id='word_1_311' title='bbox 920 3256 935 3293; x_wconf 85' lang='lat' dir='ltr'><strong>a</strong></span> <span class='ocrx_word' id='word_1_312' title='bbox 951 3239 1033 3295; x_wconf 87' lang='lat' dir='ltr'><strong>nimia</strong></span> <span class='ocrx_word' id='word_1_313' title='bbox 1049 3259 1131 3312; x_wconf 87' lang='lat' dir='ltr'><strong>pecu·</strong></span> 
     </span>
    </p>

    <p class='ocr_par' dir='ltr' id='par_1_8' title="bbox 66 3254 1228 3445">
     <span class='ocr_line' id='line_1_34' title="bbox 66 3254 1228 3373; baseline 0.005 -18"><span class='ocrx_word' id='word_1_314' title='bbox 66 3304 125 3355; x_wconf 78' lang='lat' dir='ltr'><strong>ruine</strong></span> <span class='ocrx_word' id='word_1_315' title='bbox 141 3254 302 3373; x_wconf 60' lang='lat' dir='ltr'><strong>proiifsione</strong></span> <span class='ocrx_word' id='word_1_316' title='bbox 320 3304 538 3371; x_wconf 71' lang='lat' dir='ltr'><strong>abstrabatur«,</strong></span> <span class='ocrx_word' id='word_1_317' title='bbox 557 3305 662 3372; x_wconf 82' lang='lat' dir='ltr'><strong>minus,</strong></span> <span class='ocrx_word' id='word_1_318' title='bbox 679 3312 710 3359; x_wconf 87' lang='lat' dir='ltr'><strong>ut</strong></span> <span class='ocrx_word' id='word_1_319' title='bbox 728 3304 852 3372; x_wconf 81' lang='lat' dir='ltr'><strong>ridetur,</strong></span> <span class='ocrx_word' id='word_1_320' title='bbox 868 3305 1058 3361; x_wconf 82' lang='lat' dir='ltr'><strong>commode-</strong></span> <span class='ocrx_word' id='word_1_321' title='bbox 1091 3319 1131 3360; x_wconf 76' lang='lat' dir='ltr'><strong>ert</strong></span> <span class='ocrx_word' id='word_1_322' title='bbox 1225 3364 1228 3370; x_wconf 67' lang='grc'>,</span> 
     </span>
     <span class='ocr_line' id='line_1_35' title="bbox 66 3370 1131 3445; baseline 0.008 -25"><span class='ocrx_word' id='word_1_323' title='bbox 66 3381 175 3420; x_wconf 82' lang='lat' dir='ltr'><strong>tuorum</strong></span> <span class='ocrx_word' id='word_1_324' title='bbox 193 3384 335 3421; x_wconf 75' lang='lat' dir='ltr'><strong>nervorum</strong></span> <span class='ocrx_word' id='word_1_325' title='bbox 350 3371 368 3423; x_wconf 92' lang='lat' dir='ltr'><strong>i.</strong></span> <span class='ocrx_word' id='word_1_326' title='bbox 383 3387 407 3426; x_wconf 91' lang='lat' dir='ltr'><strong>e.</strong></span> <span class='ocrx_word' id='word_1_327' title='bbox 421 3370 501 3424; x_wconf 84' lang='lat' dir='ltr'><strong>animi</strong></span> <span class='ocrx_word' id='word_1_328' title='bbox 518 3370 559 3425; x_wconf 92' lang='lat' dir='ltr'><strong>tui</strong></span> <span class='ocrx_word' id='word_1_329' title='bbox 576 3371 646 3425; x_wconf 84' lang='lat' dir='ltr'><strong>vires</strong></span> <span class='ocrx_word' id='word_1_330' title='bbox 666 3386 699 3423; x_wconf 85' lang='lat' dir='ltr'><strong>ae</strong></span> <span class='ocrx_word' id='word_1_331' title='bbox 716 3371 807 3425; x_wconf 88' lang='lat' dir='ltr'><strong>robur</strong></span> <span class='ocrx_word' id='word_1_332' title='bbox 824 3371 928 3426; x_wconf 79' lang='lat' dir='ltr'><strong>iaciunt</strong></span> <span class='ocrx_word' id='word_1_333' title='bbox 943 3389 963 3427; x_wconf 83' lang='lat' dir='ltr'><strong>e.</strong></span> <span class='ocrx_word' id='word_1_334' title='bbox 980 3373 1131 3445; x_wconf 70' lang='lat' dir='ltr'><strong>postuiant.</strong></span> 
     </span>
    </p>
   </div>
   <div class='ocr_carea' id='block_1_5' title="bbox 58 3454 1235 4188">
    <p class='ocr_par' dir='ltr' id='par_1_9' title="bbox 58 3454 1235 4188">
     <span class='ocr_line' id='line_1_36' title="bbox 131 3454 1130 3532; baseline 0.006 -22"><span class='ocrx_word' id='word_1_335' title='bbox 131 3464 158 3524; x_wconf 71' lang='grc' dir='ltr'><strong>ς.</strong></span> <span class='ocrx_word' id='word_1_336' title='bbox 174 3455 199 3512; x_wconf 89' lang='grc'><strong>3.</strong></span> <span class='ocrx_word' id='word_1_337' title='bbox 233 3460 359 3511; x_wconf 77' lang='lat' dir='ltr'><strong>venientis</strong></span> <span class='ocrx_word' id='word_1_338' title='bbox 380 3463 451 3514; x_wconf 77' lang='lat' dir='ltr'><strong>anni.</strong></span> <span class='ocrx_word' id='word_1_339' title='bbox 484 3459 527 3516; x_wconf 82' lang='lat' dir='ltr'><strong>cf.</strong></span> <span class='ocrx_word' id='word_1_340' title='bbox 551 3477 638 3531; x_wconf 78' lang='lat' dir='ltr'><strong>cupra</strong></span> <span class='ocrx_word' id='word_1_341' title='bbox 657 3476 702 3532; x_wconf 86' lang='lat' dir='ltr'><strong>ep.</strong></span> <span class='ocrx_word' id='word_1_342' title='bbox 719 3454 786 3528; x_wconf 62' lang='grc'><strong>4.,6.</strong></span> <span class='ocrx_word' id='word_1_343' title='bbox 805 3466 839 3529; x_wconf 75' lang='lat'><strong>4:</strong></span> <span class='ocrx_word' id='word_1_344' title='bbox 866 3461 927 3517; x_wconf 80' lang='lat' dir='ltr'><strong>Non</strong></span> <span class='ocrx_word' id='word_1_345' title='bbox 948 3465 1019 3515; x_wconf 75' lang='lat' dir='ltr'><strong>entire</strong></span> <span class='ocrx_word' id='word_1_346' title='bbox 1038 3482 1130 3516; x_wconf 76' lang='lat' dir='ltr'><strong>sumar</strong></span> 
     </span>
     <span class='ocr_line' id='line_1_37' title="bbox 64 3523 1130 3607; baseline 0.009 -34"><span class='ocrx_word' id='word_1_347' title='bbox 64 3525 170 3573; x_wconf 81' lang='lat' dir='ltr'><strong>omnino</strong></span> <span class='ocrx_word' id='word_1_348' title='bbox 186 3523 242 3573; x_wconf 78' lang='lat' dir='ltr'><strong>cine</strong></span> <span class='ocrx_word' id='word_1_349' title='bbox 260 3540 326 3576; x_wconf 83' lang='lat' dir='ltr'><strong>curn</strong></span> <span class='ocrx_word' id='word_1_350' title='bbox 341 3527 467 3578; x_wconf 74' lang='lat' dir='ltr'><strong>uenientis</strong></span> <span class='ocrx_word' id='word_1_351' title='bbox 481 3530 563 3591; x_wconf 80' lang='lat' dir='ltr'><strong>anm&#39;,</strong></span> <span class='ocrx_word' id='word_1_352' title='bbox 586 3529 638 3580; x_wconf 77' lang='lat' dir='ltr'><strong>otti</strong></span> <span class='ocrx_word' id='word_1_353' title='bbox 652 3544 743 3579; x_wconf 77' lang='lat' dir='ltr'><strong>rumne</strong></span> <span class='ocrx_word' id='word_1_354' title='bbox 759 3530 814 3580; x_wconf 82' lang='lat' dir='ltr'><strong>eine</strong></span> <span class='ocrx_word' id='word_1_355' title='bbox 829 3530 933 3607; x_wconf 48' lang='lat' dir='ltr'><strong>tiatore.</strong></span> <span class='ocrx_word' id='word_1_356' title='bbox 947 3556 981 3571; x_wconf 84' lang='lat'><strong>·-·</strong></span> <span class='ocrx_word' id='word_1_357' title='bbox 1022 3531 1089 3581; x_wconf 73' lang='lat' dir='ltr'><strong>rubii</strong></span> <span class='ocrx_word' id='word_1_358' title='bbox 1104 3541 1130 3583; x_wconf 79' lang='lat' dir='ltr'><strong>te</strong></span> 
     </span>
     <span class='ocr_line' id='line_1_38' title="bbox 63 3588 1129 3664; baseline 0.012 -27"><span class='ocrx_word' id='word_1_359' title='bbox 63 3589 146 3640; x_wconf 75' lang='lat' dir='ltr'><strong>zbtcll.</strong></span> <span class='ocrx_word' id='word_1_360' title='bbox 164 3588 217 3641; x_wconf 83' lang='lat' dir='ltr'><strong>ool.</strong></span> <span class='ocrx_word' id='word_1_361' title='bbox 241 3588 309 3640; x_wconf 88' lang='lat' dir='ltr'><strong>dom.</strong></span> <span class='ocrx_word' id='word_1_362' title='bbox 326 3591 382 3645; x_wconf 81' lang='lat' dir='ltr'><strong>tim.</strong></span> <span class='ocrx_word' id='word_1_363' title='bbox 401 3590 419 3644; x_wconf 89' lang='lat' dir='ltr'><strong>i.</strong></span> <span class='ocrx_word' id='word_1_364' title='bbox 434 3607 457 3647; x_wconf 91' lang='lat' dir='ltr'><strong>e.</strong></span> <span class='ocrx_word' id='word_1_365' title='bbox 481 3593 624 3646; x_wconf 78' lang='lat' dir='ltr'><strong>nolueram</strong></span> <span class='ocrx_word' id='word_1_366' title='bbox 647 3603 674 3646; x_wconf 90' lang='lat' dir='ltr'><strong>te</strong></span> <span class='ocrx_word' id='word_1_367' title='bbox 697 3596 876 3664; x_wconf 75' lang='lat' dir='ltr'><strong>interpretari</strong></span> <span class='ocrx_word' id='word_1_368' title='bbox 902 3590 936 3646; x_wconf 84' lang='lat' dir='ltr'><strong>de</strong></span> <span class='ocrx_word' id='word_1_369' title='bbox 954 3592 1051 3649; x_wconf 86' lang='lat' dir='ltr'><strong>timore</strong></span> <span class='ocrx_word' id='word_1_370' title='bbox 1067 3612 1129 3650; x_wconf 85' lang='lat' dir='ltr'><strong>meo</strong></span> 
     </span>
     <span class='ocr_line' id='line_1_39' title="bbox 63 3652 1129 3733; baseline 0.01 -29"><span class='ocrx_word' id='word_1_371' title='bbox 63 3656 138 3704; x_wconf 78' lang='lat' dir='ltr'><strong>circa</strong></span> <span class='ocrx_word' id='word_1_372' title='bbox 155 3668 201 3705; x_wconf 87' lang='lat' dir='ltr'><strong>res</strong></span> <span class='ocrx_word' id='word_1_373' title='bbox 214 3663 322 3706; x_wconf 81' lang='lat' dir='ltr'><strong>nostras</strong></span> <span class='ocrx_word' id='word_1_374' title='bbox 339 3652 511 3711; x_wconf 82' lang='lat' dir='ltr'><strong>domesticas.</strong></span> <span class='ocrx_word' id='word_1_375' title='bbox 526 3691 556 3701; x_wconf 91' lang='lat'><em>-</em></span> <span class='ocrx_word' id='word_1_376' title='bbox 588 3676 705 3727; x_wconf 81' lang='lat' dir='ltr'><strong>procuro</strong></span> <span class='ocrx_word' id='word_1_377' title='bbox 721 3684 754 3728; x_wconf 84' lang='lat'>=&#39;·.</span> <span class='ocrx_word' id='word_1_378' title='bbox 772 3669 898 3713; x_wconf 80' lang='lat' dir='ltr'><strong>avertere</strong></span> <span class='ocrx_word' id='word_1_379' title='bbox 918 3676 1045 3730; x_wconf 81' lang='lat' dir='ltr'><strong>possum,</strong></span> <span class='ocrx_word' id='word_1_380' title='bbox 1071 3679 1129 3733; x_wconf 87' lang='lat' dir='ltr'><strong>quo</strong></span> 
     </span>
     <span class='ocr_line' id='line_1_40' title="bbox 66 3717 1129 3804; baseline 0.009 -35"><span class='ocrx_word' id='word_1_381' title='bbox 66 3733 148 3794; x_wconf 68' lang='lat' dir='ltr'><strong>sonan</strong></span> <span class='ocrx_word' id='word_1_382' title='bbox 166 3717 230 3770; x_wconf 87' lang='lat' dir='ltr'><strong>alibi</strong></span> <span class='ocrx_word' id='word_1_383' title='bbox 249 3717 282 3771; x_wconf 87' lang='lat' dir='ltr'><strong>de</strong></span> <span class='ocrx_word' id='word_1_384' title='bbox 299 3720 482 3790; x_wconf 77' lang='lat' dir='ltr'><strong>procurandis</strong></span> <span class='ocrx_word' id='word_1_385' title='bbox 501 3724 637 3804; x_wconf 76' lang='lat' dir='ltr'><strong>portentis</strong></span> <span class='ocrx_word' id='word_1_386' title='bbox 656 3722 681 3778; x_wconf 84' lang='lat' dir='ltr'><strong>b.</strong></span> <span class='ocrx_word' id='word_1_387' title='bbox 696 3742 720 3776; x_wconf 89' lang='lat' dir='ltr'><strong>v.</strong></span> <span class='ocrx_word' id='word_1_388' title='bbox 740 3724 849 3796; x_wconf 85' lang='lat' dir='ltr'><strong>legitur.</strong></span> <span class='ocrx_word' id='word_1_389' title='bbox 865 3756 898 3767; x_wconf 92' lang='lat'>-</span> <span class='ocrx_word' id='word_1_390' title='bbox 939 3727 1006 3776; x_wconf 71' lang='lat' dir='ltr'><strong>nobil</strong></span> <span class='ocrx_word' id='word_1_391' title='bbox 1022 3744 1129 3789; x_wconf 80' lang='lat' dir='ltr'><strong>carcre,</strong></span> 
     </span>
     <span class='ocr_line' id='line_1_41' title="bbox 67 3785 1130 3851; baseline 0.011 -18"><span class='ocrx_word' id='word_1_392' title='bbox 67 3797 124 3833; x_wconf 86' lang='lat' dir='ltr'><strong>erno</strong></span> <span class='ocrx_word' id='word_1_393' title='bbox 141 3799 209 3836; x_wconf 86' lang='lat' dir='ltr'><strong>eura</strong></span> <span class='ocrx_word' id='word_1_394' title='bbox 227 3799 301 3851; x_wconf 84' lang='lat' dir='ltr'><strong>cese,</strong></span> <span class='ocrx_word' id='word_1_395' title='bbox 324 3785 398 3837; x_wconf 86' lang='lat' dir='ltr'><strong>haud</strong></span> <span class='ocrx_word' id='word_1_396' title='bbox 420 3788 567 3843; x_wconf 75' lang='lat' dir='ltr'><strong>sollicitum</strong></span> <span class='ocrx_word' id='word_1_397' title='bbox 588 3805 656 3842; x_wconf 87' lang='lat' dir='ltr'><strong>esse.</strong></span> <span class='ocrx_word' id='word_1_398' title='bbox 673 3821 706 3834; x_wconf 90' lang='lat'><em>-</em></span> <span class='ocrx_word' id='word_1_399' title='bbox 748 3801 858 3842; x_wconf 83' lang='lat' dir='ltr'><strong>cautam</strong></span> <span class='ocrx_word' id='word_1_400' title='bbox 875 3808 929 3842; x_wconf 79' lang='lat' dir='ltr'><strong>erre</strong></span> <span class='ocrx_word' id='word_1_401' title='bbox 944 3792 971 3842; x_wconf 81' lang='lat' dir='ltr'><strong>in</strong></span> <span class='ocrx_word' id='word_1_402' title='bbox 987 3793 1130 3847; x_wconf 76' lang='lat' dir='ltr'><strong>scribendo.</strong></span> 
     </span>
     <span class='ocr_line' id='line_1_42' title="bbox 68 3847 1235 3924; baseline 0.009 -24"><span class='ocrx_word' id='word_1_403' title='bbox 68 3849 101 3900; x_wconf 91' lang='lat' dir='ltr'><strong>V.</strong></span> <span class='ocrx_word' id='word_1_404' title='bbox 121 3849 200 3918; x_wconf 82' lang='lat' dir='ltr'><strong>epist.</strong></span> <span class='ocrx_word' id='word_1_405' title='bbox 221 3867 315 3921; x_wconf 86' lang='lat' dir='ltr'><strong>super.</strong></span> <span class='ocrx_word' id='word_1_406' title='bbox 336 3847 359 3916; x_wconf 68' lang='lat' dir='ltr'><strong>b.</strong></span> <span class='ocrx_word' id='word_1_407' title='bbox 380 3868 403 3905; x_wconf 84' lang='lat' dir='ltr'><strong>a.</strong></span> <span class='ocrx_word' id='word_1_408' title='bbox 425 3885 457 3895; x_wconf 91' lang='lat'>-</span> <span class='ocrx_word' id='word_1_409' title='bbox 496 3872 562 3924; x_wconf 82' lang='lat' dir='ltr'><strong>quae</strong></span> <span class='ocrx_word' id='word_1_410' title='bbox 603 3855 675 3905; x_wconf 84' lang='lat' dir='ltr'><strong>olum</strong></span> <span class='ocrx_word' id='word_1_411' title='bbox 759 3855 961 3907; x_wconf 69' lang='lat' dir='ltr'><strong>turbantur:</strong></span> <span class='ocrx_word' id='word_1_412' title='bbox 985 3858 1082 3912; x_wconf 82' lang='lat' dir='ltr'><strong>turbas</strong></span> <span class='ocrx_word' id='word_1_413' title='bbox 1105 3875 1127 3911; x_wconf 86' lang='lat' dir='ltr'><strong>a.</strong></span> <span class='ocrx_word' id='word_1_414' title='bbox 1232 3895 1235 3902; x_wconf 86' lang='lat'>·</span> 
     </span>
     <span class='ocr_line' id='line_1_43' title="bbox 64 3916 1129 3995; baseline 0.011 -31"><span class='ocrx_word' id='word_1_415' title='bbox 64 3920 153 3966; x_wconf 83' lang='lat' dir='ltr'><strong>motus</strong></span> <span class='ocrx_word' id='word_1_416' title='bbox 162 3916 327 3983; x_wconf 83' lang='lat' dir='ltr'><strong>manifestos,</strong></span> <span class='ocrx_word' id='word_1_417' title='bbox 336 3917 539 3973; x_wconf 70' lang='lat' dir='ltr'><strong>notissima-</strong></span> <span class='ocrx_word' id='word_1_418' title='bbox 587 3921 730 3972; x_wconf 75' lang='lat' dir='ltr'><strong>aiteoMesr.</strong></span> <span class='ocrx_word' id='word_1_419' title='bbox 748 3932 831 3972; x_wconf 81' lang='lat' dir='ltr'><strong>nostr.</strong></span> <span class='ocrx_word' id='word_1_420' title='bbox 844 3937 914 3972; x_wconf 81' lang='lat' dir='ltr'><strong>conr.</strong></span> <span class='ocrx_word' id='word_1_421' title='bbox 933 3924 967 3977; x_wconf 88' lang='lat' dir='ltr'><strong>V.</strong></span> <span class='ocrx_word' id='word_1_422' title='bbox 978 3939 1020 3995; x_wconf 84' lang='lat' dir='ltr'><strong>ep.</strong></span> <span class='ocrx_word' id='word_1_423' title='bbox 1036 3926 1129 3994; x_wconf 78' lang='lat' dir='ltr'><strong>s&#39;uper.</strong></span> 
     </span>
     <span class='ocr_line' id='line_1_44' title="bbox 63 3977 1127 4063; baseline 0.014 -34"><span class='ocrx_word' id='word_1_424' title='bbox 63 3983 89 4043; x_wconf 70' lang='grc' dir='ltr'><strong>ς,</strong></span> <span class='ocrx_word' id='word_1_425' title='bbox 103 3977 127 4032; x_wconf 81' lang='grc'><strong>3.</strong></span> <span class='ocrx_word' id='word_1_426' title='bbox 147 4011 179 4022; x_wconf 90' lang='lat'><em>-</em></span> <span class='ocrx_word' id='word_1_427' title='bbox 212 3984 239 4031; x_wconf 79' lang='lat' dir='ltr'><strong>si</strong></span> <span class='ocrx_word' id='word_1_428' title='bbox 255 3999 304 4050; x_wconf 79' lang='lat' dir='ltr'><strong>per</strong></span> <span class='ocrx_word' id='word_1_429' title='bbox 325 3985 525 4060; x_wconf 67' lang='lat' dir='ltr'><strong>interregnum,</strong></span> <span class='ocrx_word' id='word_1_430' title='bbox 549 3984 566 4041; x_wconf 92' lang='lat' dir='ltr'><strong>i.</strong></span> <span class='ocrx_word' id='word_1_431' title='bbox 581 4001 606 4039; x_wconf 90' lang='lat' dir='ltr'><strong>c.</strong></span> <span class='ocrx_word' id='word_1_432' title='bbox 627 3985 665 4050; x_wconf 84' lang='lat' dir='ltr'><strong>ci,</strong></span> <span class='ocrx_word' id='word_1_433' title='bbox 690 3985 791 4040; x_wconf 78' lang='lat' dir='ltr'><strong>habitis</strong></span> <span class='ocrx_word' id='word_1_434' title='bbox 813 3985 848 4039; x_wconf 82' lang='lat' dir='ltr'><strong>ab</strong></span> <span class='ocrx_word' id='word_1_435' title='bbox 867 3986 1006 4063; x_wconf 76' lang='lat' dir='ltr'><strong>interrege</strong></span> <span class='ocrx_word' id='word_1_436' title='bbox 1027 3997 1065 4057; x_wconf 81' lang='lat' dir='ltr'><strong>(v.</strong></span> <span class='ocrx_word' id='word_1_437' title='bbox 1082 4006 1127 4045; x_wconf 84' lang='lat' dir='ltr'><strong>et.</strong></span> 
     </span>
     <span class='ocr_line' id='line_1_45' title="bbox 58 4007 1128 4122; baseline 0.015 -29"><span class='ocrx_word' id='word_1_438' title='bbox 58 4041 187 4122; x_wconf 74' lang='lat' dir='ltr'><strong>anteced.</strong></span> <span class='ocrx_word' id='word_1_439' title='bbox 204 4051 228 4113; x_wconf 73' lang='grc' dir='ltr'><strong>ς.</strong></span> <span class='ocrx_word' id='word_1_440' title='bbox 242 4051 281 4111; x_wconf 77' lang='grc'><strong>4.)</strong></span> <span class='ocrx_word' id='word_1_441' title='bbox 301 4048 432 4114; x_wconf 76' lang='lat' dir='ltr'><strong>comitiis,</strong></span> <span class='ocrx_word' id='word_1_442' title='bbox 449 4051 546 4104; x_wconf 86' lang='lat' dir='ltr'><strong>consui</strong></span> <span class='ocrx_word' id='word_1_443' title='bbox 563 4052 720 4119; x_wconf 80' lang='lat' dir='ltr'><strong>creabitur,</strong></span> <span class='ocrx_word' id='word_1_444' title='bbox 742 4055 798 4104; x_wconf 80' lang='lat' dir='ltr'><strong>siue</strong></span> <span class='ocrx_word' id='word_1_445' title='bbox 814 4053 911 4104; x_wconf 77' lang='lat' dir='ltr'><strong>r&#39;udiet’o</strong></span> <span class='ocrx_word' id='word_1_446' title='bbox 918 4091 930 4118; x_wconf 88' lang='lat'><strong>,</strong></span> <span class='ocrx_word' id='word_1_447' title='bbox 952 4053 1077 4109; x_wconf 81' lang='lat' dir='ltr'><strong>accusari</strong></span> <span class='ocrx_word' id='word_1_448' title='bbox 1093 4007 1128 4109; x_wconf 78' lang='lat' dir='ltr'><strong>rie</strong></span> 
     </span>
     <span class='ocr_line' id='line_1_46' title="bbox 62 4107 1128 4188; baseline 0.015 -29"><span class='ocrx_word' id='word_1_449' title='bbox 62 4107 168 4163; x_wconf 75' lang='lat' dir='ltr'><strong>ambitu</strong></span> <span class='ocrx_word' id='word_1_450' title='bbox 184 4116 223 4178; x_wconf 87' lang='lat' dir='ltr'><strong>(v.</strong></span> <span class='ocrx_word' id='word_1_451' title='bbox 240 4125 285 4181; x_wconf 85' lang='lat' dir='ltr'><strong>ep.</strong></span> <span class='ocrx_word' id='word_1_452' title='bbox 298 4127 328 4179; x_wconf 77' lang='lat' dir='ltr'><strong>a,</strong></span> <span class='ocrx_word' id='word_1_453' title='bbox 342 4113 372 4183; x_wconf 78' lang='grc' dir='ltr'><strong>ὃ)</strong></span> <span class='ocrx_word' id='word_1_454' title='bbox 391 4131 448 4170; x_wconf 88' lang='lat' dir='ltr'><strong>non</strong></span> <span class='ocrx_word' id='word_1_455' title='bbox 466 4117 584 4187; x_wconf 83' lang='lat' dir='ltr'><strong>poterit,</strong></span> <span class='ocrx_word' id='word_1_456' title='bbox 599 4132 687 4188; x_wconf 81' lang='lat' dir='ltr'><strong>quum</strong></span> <span class='ocrx_word' id='word_1_457' title='bbox 702 4117 792 4175; x_wconf 78' lang='lat' dir='ltr'><strong>stetim</strong></span> <span class='ocrx_word' id='word_1_458' title='bbox 807 4119 981 4174; x_wconf 81' lang='lat' dir='ltr'><strong>contutatum</strong></span> <span class='ocrx_word' id='word_1_459' title='bbox 998 4122 1034 4174; x_wconf 84' lang='lat' dir='ltr'><strong>sit</strong></span> <span class='ocrx_word' id='word_1_460' title='bbox 1049 4120 1128 4175; x_wconf 87' lang='lat' dir='ltr'><strong>initu·</strong></span> 
     </span>
    </p>
   </div>
   <div class='ocr_carea' id='block_1_6' title="bbox 887 4203 926 4269">
    <p class='ocr_par' dir='ltr' id='par_1_10' title="bbox 887 4203 926 4269">
     <span class='ocr_line' id='line_1_47' title="bbox 887 4203 926 4269; baseline 0 0"><span class='ocrx_word' id='word_1_461' title='bbox 887 4203 926 4269; x_wconf 89' lang='lat'><strong>11</strong></span> 
     </span>
    </p>
   </div>
   <div class='ocr_carea' id='block_1_7' title="bbox 0 0 1393 4866">
    <p class='ocr_par' dir='ltr' id='par_1_11' title="bbox 0 0 1393 4866">
     <span class='ocr_line' id='line_1_48' title="bbox 0 0 1393 4866; baseline 0 0"><span class='ocrx_word' id='word_1_462' title='bbox 0 0 1393 4866; x_wconf 95' lang='lat' dir='ltr'><strong> </strong></span> 
     </span>
    </p>
   </div>
  </div>
 </body>
</html>
